2011.02.22 01:00:00.052,1.33136,1.33193,2.25,2.67
2011.02.22 01:00:00.168,1.33136,1.33193,2.25,2.67
2011.02.22 01:00:00.277,1.33136,1.33192,2.25,2.44
2011.02.22 01:00:02.716,1.33125,1.33183,1.50,1.73
2011.02.22 01:00:03.159,1.33127,1.33182,2.25,1.50
2011.02.22 01:00:03.710,1.33127,1.33183,1.50,1.50
2011.02.22 01:00:03.820,1.33122,1.33183,1.50,1.50
2011.02.22 01:00:03.939,1.33122,1.33179,1.50,1.50
2011.02.22 01:00:04.268,1.33122,1.33173,1.50,1.50
2011.02.22 01:00:04.598,1.33128,1.33173,1.69,1.50
2011.02.22 01:00:05.968,1.33123,1.33173,2.44,1.50
2011.02.22 01:00:07.589,1.33122,1.33173,1.50,1.50
2011.02.22 01:00:07.701,1.33118,1.33173,2.25,1.50
2011.02.22 01:00:07.819,1.33115,1.33164,1.50,1.50
2011.02.22 01:00:08.149,1.33112,1.33164,1.69,1.50
2011.02.22 01:00:08.481,1.33116,1.33164,1.50,1.50
2011.02.22 01:00:08.599,1.33129,1.33174,1.50,1.50
2011.02.22 01:00:08.958,1.33124,1.33174,1.50,1.50
2011.02.22 01:00:09.074,1.33124,1.33174,1.50,1.50
2011.02.22 01:00:10.709,1.33124,1.33174,1.50,1.50
2011.02.22 01:00:12.588,1.33124,1.33174,1.50,1.50
2011.02.22 01:00:12.700,1.33126,1.33184,2.25,1.50
2011.02.22 01:00:18.937,1.33129,1.33184,1.50,1.50
2011.02.22 01:00:20.881,1.33129,1.33184,1.50,1.50
2011.02.22 01:00:23.779,1.33126,1.33175,2.25,1.50
2011.02.22 01:00:24.107,1.33117,1.33173,3.00,1.50
2011.02.22 01:00:24.940,1.33117,1.33171,3.00,1.50
2011.02.22 01:00:25.278,1.33117,1.33171,2.25,1.50
2011.02.22 01:00:25.498,1.33117,1.33173,2.25,3.75
2011.02.22 01:00:26.070,1.33117,1.33173,2.25,3.00
2011.02.22 01:00:26.288,1.33117,1.33173,3.00,1.50
2011.02.22 01:00:26.728,1.33117,1.33173,3.00,1.50
2011.02.22 01:00:26.948,1.33133,1.33173,1.13,1.50
2011.02.22 01:00:27.781,1.3312,1.33173,3.00,1.50
2011.02.22 01:00:28.232,1.33132,1.33173,1.69,1.50
2011.02.22 01:00:28.460,1.33136,1.33184,3.94,1.50
2011.02.22 01:00:29.118,1.33138,1.33184,2.67,1.50
2011.02.22 01:00:29.668,1.33132,1.33184,1.69,1.50
2011.02.22 01:00:30.183,1.33129,1.33184,1.50,1.50
2011.02.22 01:00:30.869,1.33145,1.33184,2.25,1.50
2011.02.22 01:00:31.307,1.33142,1.33184,2.25,1.50
2011.02.22 01:00:32.877,1.33142,1.33184,2.25,1.50
2011.02.22 01:00:34.021,1.33137,1.33184,2.25,1.50
2011.02.22 01:00:34.688,1.3313,1.33183,2.25,1.50
2011.02.22 01:00:34.799,1.3313,1.33183,2.25,1.50
2011.02.22 01:00:35.679,1.3313,1.33181,2.25,1.69
2011.02.22 01:00:35.789,1.33122,1.33179,2.25,1.69
2011.02.22 01:00:35.899,1.33122,1.33178,2.25,2.44
2011.02.22 01:00:36.218,1.33125,1.33163,2.25,1.50
2011.02.22 01:00:36.369,1.33125,1.33163,2.25,1.50
2011.02.22 01:00:36.650,1.33125,1.33163,2.25,1.50
2011.02.22 01:00:36.980,1.33125,1.33163,2.25,1.50
2011.02.22 01:00:37.417,1.33134,1.33163,2.25,1.50
2011.02.22 01:00:37.750,1.33134,1.33163,2.25,1.50
2011.02.22 01:00:37.968,1.33129,1.33163,2.25,1.50
2011.02.22 01:00:38.248,1.33129,1.33163,2.25,1.50
2011.02.22 01:00:40.081,1.33136,1.33163,2.25,1.50
2011.02.22 01:00:40.682,1.33136,1.33163,2.25,1.50
2011.02.22 01:00:41.027,1.33146,1.33173,2.25,1.50
2011.02.22 01:00:41.139,1.33158,1.33173,1.50,1.50
2011.02.22 01:00:41.372,1.33157,1.33184,1.50,1.50
2011.02.22 01:00:41.490,1.33151,1.33184,2.25,1.50
2011.02.22 01:00:41.599,1.33153,1.33184,1.50,1.50
2011.02.22 01:00:41.818,1.33151,1.33184,2.25,1.50
2011.02.22 01:00:41.929,1.33151,1.33184,2.25,1.50
2011.02.22 01:00:43.209,1.33152,1.33184,2.25,1.50
2011.02.22 01:00:46.448,1.33153,1.33184,2.25,1.50
2011.02.22 01:00:46.777,1.33152,1.33194,2.25,1.50
2011.02.22 01:00:47.219,1.33156,1.33194,2.25,1.50
2011.02.22 01:00:49.718,1.33155,1.33194,2.25,1.50
2011.02.22 01:00:50.162,1.33166,1.33203,2.25,1.50
2011.02.22 01:00:50.500,1.33167,1.33213,1.50,2.25
2011.02.22 01:00:50.827,1.33167,1.33213,1.50,2.25
2011.02.22 01:00:51.158,1.33167,1.33213,3.00,2.25
2011.02.22 01:00:51.488,1.33171,1.33213,2.25,2.25
2011.02.22 01:00:51.938,1.33171,1.33213,2.25,2.25
2011.02.22 01:00:52.051,1.33169,1.33213,2.25,2.25
2011.02.22 01:00:52.938,1.33169,1.33213,2.25,2.25
2011.02.22 01:00:53.050,1.33169,1.33204,1.50,2.25
2011.02.22 01:00:53.158,1.33165,1.33204,2.25,2.25
2011.02.22 01:00:53.488,1.33165,1.33204,2.25,2.25
2011.02.22 01:00:53.708,1.33173,1.33204,2.25,2.25
2011.02.22 01:00:56.938,1.33168,1.33204,2.25,2.25
2011.02.22 01:00:57.051,1.3317,1.33203,1.50,2.25
2011.02.22 01:00:57.170,1.3317,1.33203,1.50,2.25
2011.02.22 01:00:57.499,1.33178,1.33213,1.50,1.50
2011.02.22 01:00:59.098,1.33176,1.33213,1.50,2.25
2011.02.22 01:00:59.577,1.33167,1.33224,1.50,2.25
2011.02.22 01:00:59.693,1.33168,1.33224,1.50,1.50
2011.02.22 01:00:59.811,1.33156,1.33224,2.25,2.25
2011.02.22 01:01:00.148,1.33157,1.33205,2.25,1.13
2011.02.22 01:01:00.259,1.33157,1.33204,2.25,1.13
2011.02.22 01:01:01.049,1.33156,1.33203,1.50,1.13
2011.02.22 01:01:01.160,1.3315,1.33203,2.25,1.13
2011.02.22 01:01:01.269,1.3315,1.33193,2.25,2.25
2011.02.22 01:01:03.281,1.33148,1.33193,1.50,2.25
2011.02.22 01:01:03.397,1.33148,1.33193,1.50,2.25
2011.02.22 01:01:03.717,1.3315,1.33193,1.50,2.25
2011.02.22 01:01:04.708,1.33147,1.33193,2.25,2.25
2011.02.22 01:01:05.178,1.33147,1.33193,2.25,2.25
2011.02.22 01:01:06.318,1.3315,1.33193,1.50,2.25
2011.02.22 01:01:07.171,1.3315,1.33193,2.25,2.25
2011.02.22 01:01:07.398,1.33153,1.33193,1.50,1.50
2011.02.22 01:01:07.732,1.33158,1.33203,2.25,1.50
2011.02.22 01:01:07.958,1.33161,1.33203,1.50,2.25
2011.02.22 01:01:08.179,1.33157,1.33203,2.25,2.25
2011.02.22 01:01:08.290,1.33157,1.33203,3.00,1.50
2011.02.22 01:01:08.398,1.3316,1.33203,1.50,1.50
2011.02.22 01:01:08.730,1.33152,1.33203,2.44,2.25
2011.02.22 01:01:09.058,1.33157,1.33203,2.25,1.50
2011.02.22 01:01:09.719,1.33161,1.33203,1.50,2.25
2011.02.22 01:01:09.828,1.33151,1.33203,2.44,2.25
2011.02.22 01:01:09.940,1.33151,1.33203,2.44,2.25
2011.02.22 01:01:10.269,1.33147,1.33203,2.44,2.25
2011.02.22 01:01:10.488,1.33147,1.33203,1.69,2.25
2011.02.22 01:01:10.710,1.33147,1.33203,1.50,2.25
2011.02.22 01:01:10.927,1.33142,1.33194,2.29,2.25
2011.02.22 01:01:11.038,1.33142,1.33194,2.29,2.25
2011.02.22 01:01:11.147,1.33142,1.33194,2.29,2.25
2011.02.22 01:01:11.481,1.33146,1.33194,1.50,2.25
2011.02.22 01:01:11.708,1.33146,1.33194,1.50,2.25
2011.02.22 01:01:12.121,1.3314,1.33194,1.54,2.25
2011.02.22 01:01:13.123,1.3314,1.33194,1.54,2.25
2011.02.22 01:01:13.458,1.3315,1.33194,1.50,2.25
2011.02.22 01:01:14.093,1.33141,1.33184,2.29,2.25
2011.02.22 01:01:14.378,1.33141,1.33184,2.29,2.25
2011.02.22 01:01:14.598,1.33143,1.33184,1.54,2.25
2011.02.22 01:01:14.818,1.3315,1.33193,2.44,1.50
2011.02.22 01:01:15.150,1.33152,1.33203,1.69,2.25
2011.02.22 01:01:15.479,1.33152,1.33203,1.50,2.25
2011.02.22 01:01:15.589,1.33147,1.33203,1.50,2.25
2011.02.22 01:01:16.777,1.33146,1.33194,1.50,2.25
2011.02.22 01:01:17.000,1.33144,1.33194,1.54,2.25
2011.02.22 01:01:17.107,1.33144,1.33194,1.54,2.25
2011.02.22 01:01:17.955,1.33142,1.33194,2.29,2.25
2011.02.22 01:01:18.574,1.33145,1.33193,1.50,2.25
2011.02.22 01:01:18.907,1.33148,1.33184,1.50,2.25
2011.02.22 01:01:19.348,1.33146,1.33193,1.50,2.25
2011.02.22 01:01:19.588,1.33143,1.33183,1.54,2.25
2011.02.22 01:01:25.339,1.33137,1.33183,1.54,2.25
2011.02.22 01:01:31.168,1.3313,1.33184,2.33,1.50
2011.02.22 01:01:31.509,1.33125,1.33174,2.33,1.50
2011.02.22 01:01:32.061,1.33122,1.33173,1.68,1.50
2011.02.22 01:01:32.397,1.33117,1.33164,3.17,1.50
2011.02.22 01:01:32.957,1.33114,1.33164,2.58,1.50
2011.02.22 01:01:34.319,1.33126,1.33163,2.36,1.50
2011.02.22 01:01:34.539,1.33132,1.33173,1.07,1.50
2011.02.22 01:01:34.648,1.33132,1.33173,1.08,1.50
2011.02.22 01:01:35.198,1.33136,1.33174,2.29,1.50
2011.02.22 01:01:35.848,1.33136,1.33174,2.29,1.50
2011.02.22 01:01:36.073,1.33147,1.33184,2.25,1.50
2011.02.22 01:01:36.607,1.33134,1.33183,1.54,1.50
2011.02.22 01:01:36.718,1.33129,1.33183,2.40,1.50
2011.02.22 01:01:36.830,1.33137,1.33163,2.29,1.50
2011.02.22 01:01:36.938,1.33137,1.33173,2.29,1.50
2011.02.22 01:01:37.051,1.33146,1.33173,2.25,1.50
2011.02.22 01:01:37.168,1.33146,1.33183,2.25,1.50
2011.02.22 01:01:39.082,1.33146,1.33183,2.25,1.50
2011.02.22 01:01:39.533,1.33146,1.33193,2.44,3.00
2011.02.22 01:01:39.650,1.33146,1.33193,2.44,1.50
2011.02.22 01:01:39.871,1.33156,1.33193,1.50,1.69
2011.02.22 01:01:40.208,1.33156,1.33183,1.50,1.50
2011.02.22 01:01:41.378,1.33156,1.33196,1.50,1.69
2011.02.22 01:01:41.490,1.3314,1.33196,1.54,1.50
2011.02.22 01:01:42.148,1.33142,1.33194,2.48,2.25
2011.02.22 01:01:42.258,1.33145,1.33194,1.50,2.25
2011.02.22 01:01:42.989,1.33151,1.33194,1.50,2.25
2011.02.22 01:01:43.317,1.33152,1.33204,1.50,2.25
2011.02.22 01:01:43.591,1.33152,1.33204,2.25,1.50
2011.02.22 01:01:43.818,1.33161,1.33204,1.50,1.50
2011.02.22 01:01:44.149,1.33161,1.33204,1.50,2.25
2011.02.22 01:01:44.259,1.33158,1.33204,1.69,2.25
2011.02.22 01:01:44.477,1.33158,1.33203,1.69,2.25
2011.02.22 01:01:44.727,1.33158,1.33194,1.69,1.50
2011.02.22 01:01:45.858,1.33154,1.33194,2.25,1.50
2011.02.22 01:01:49.401,1.33151,1.33204,2.44,1.50
2011.02.22 01:01:50.477,1.33156,1.33204,1.50,1.50
2011.02.22 01:01:51.002,1.33158,1.33209,1.50,1.50
2011.02.22 01:01:51.467,1.33158,1.33209,1.50,1.50
2011.02.22 01:01:52.333,1.33157,1.33209,1.50,1.50
2011.02.22 01:01:55.058,1.33156,1.33204,1.50,1.50
2011.02.22 01:01:56.078,1.33156,1.33204,2.25,1.50
2011.02.22 01:01:56.628,1.33156,1.33207,2.25,2.25
2011.02.22 01:02:00.268,1.33159,1.3321,2.25,1.50
2011.02.22 01:02:08.478,1.33148,1.33211,1.09,1.50
2011.02.22 01:02:08.699,1.33146,1.33206,3.19,1.50
2011.02.22 01:02:08.809,1.33146,1.33209,3.19,3.75
2011.02.22 01:02:09.180,1.33154,1.33208,2.25,1.50
2011.02.22 01:02:10.209,1.33154,1.33207,2.25,1.69
2011.02.22 01:02:10.318,1.33152,1.33203,2.25,2.44
2011.02.22 01:02:10.539,1.33147,1.33203,2.25,1.69
2011.02.22 01:02:10.649,1.33147,1.33203,2.25,2.44
2011.02.22 01:02:10.869,1.33147,1.33203,2.25,2.44
2011.02.22 01:02:12.009,1.33144,1.33198,2.29,4.69
2011.02.22 01:02:12.338,1.33144,1.33198,2.29,1.69
2011.02.22 01:02:12.558,1.33142,1.332,2.29,1.69
2011.02.22 01:02:12.999,1.33139,1.332,1.54,1.69
2011.02.22 01:02:13.218,1.33147,1.332,2.25,1.69
2011.02.22 01:02:14.151,1.33147,1.332,2.25,1.50
2011.02.22 01:02:19.398,1.33143,1.33201,2.48,1.50
2011.02.22 01:02:19.728,1.33147,1.33201,2.25,1.50
2011.02.22 01:02:20.968,1.33148,1.33201,2.25,1.50
2011.02.22 01:02:21.078,1.33157,1.33204,2.25,1.50
2011.02.22 01:02:21.299,1.33151,1.33204,2.25,1.50
2011.02.22 01:02:21.628,1.33148,1.33204,2.25,1.50
2011.02.22 01:02:21.740,1.33148,1.332,2.25,1.50
2011.02.22 01:02:22.292,1.3314,1.33193,2.48,1.50
2011.02.22 01:02:22.848,1.33142,1.33193,2.48,2.25
2011.02.22 01:02:23.180,1.33142,1.33193,2.48,2.25
2011.02.22 01:02:23.400,1.33141,1.33193,2.48,2.25
2011.02.22 01:02:23.511,1.33141,1.33192,1.73,1.50
2011.02.22 01:02:23.740,1.33138,1.33194,1.73,1.50
2011.02.22 01:02:24.004,1.33142,1.33192,1.73,1.50
2011.02.22 01:02:28.790,1.33133,1.33189,2.34,1.50
2011.02.22 01:02:29.688,1.33142,1.33194,2.29,1.50
2011.02.22 01:02:32.418,1.33136,1.33193,3.19,1.50
2011.02.22 01:02:32.727,1.33133,1.33178,1.65,1.69
2011.02.22 01:02:37.480,1.33123,1.33179,1.25,1.50
2011.02.22 01:02:37.590,1.33125,1.33184,2.39,1.50
2011.02.22 01:02:37.807,1.33125,1.33184,2.40,1.50
2011.02.22 01:02:38.667,1.33125,1.33184,2.40,1.50
2011.02.22 01:02:38.889,1.33125,1.33181,2.40,3.00
2011.02.22 01:02:39.217,1.33115,1.33174,1.64,1.50
2011.02.22 01:02:39.438,1.33115,1.33179,1.64,3.19
2011.02.22 01:02:40.382,1.33116,1.33179,2.63,3.94
2011.02.22 01:02:42.348,1.33127,1.33182,1.08,1.50
2011.02.22 01:02:42.459,1.33125,1.33184,2.44,1.50
2011.02.22 01:02:42.789,1.33136,1.33189,1.69,1.50
2011.02.22 01:02:42.900,1.33136,1.33189,1.69,1.50
2011.02.22 01:02:52.387,1.33137,1.33189,2.52,1.50
2011.02.22 01:02:54.120,1.33137,1.33189,2.52,1.50
2011.02.22 01:02:56.727,1.33137,1.33194,2.52,1.50
2011.02.22 01:02:56.837,1.33137,1.33194,2.52,1.50
2011.02.22 01:02:57.331,1.33137,1.33192,2.52,1.50
2011.02.22 01:02:57.449,1.33137,1.3318,1.50,1.69
2011.02.22 01:02:57.559,1.33131,1.3318,1.73,1.69
2011.02.22 01:02:57.669,1.33116,1.33179,1.50,3.19
2011.02.22 01:02:57.780,1.33116,1.33179,1.50,2.44
2011.02.22 01:02:57.890,1.33125,1.3318,2.25,2.44
2011.02.22 01:02:58.218,1.33115,1.33177,2.25,1.69
2011.02.22 01:02:58.754,1.33115,1.33177,2.25,1.69
2011.02.22 01:03:02.380,1.3312,1.33175,2.25,1.69
2011.02.22 01:03:02.494,1.3312,1.3317,2.25,1.69
2011.02.22 01:03:02.829,1.33116,1.33171,2.25,2.44
2011.02.22 01:03:03.559,1.33116,1.33177,2.25,3.00
2011.02.22 01:03:03.978,1.33117,1.33177,2.25,3.75
2011.02.22 01:03:04.088,1.33117,1.33176,2.25,2.25
2011.02.22 01:03:04.617,1.33117,1.33176,2.25,1.50
2011.02.22 01:03:04.948,1.33117,1.33153,2.25,1.50
2011.02.22 01:03:12.198,1.33115,1.33153,2.25,1.50
2011.02.22 01:03:12.308,1.33114,1.33164,2.25,1.50
2011.02.22 01:03:12.418,1.33114,1.33164,2.25,1.50
2011.02.22 01:03:13.390,1.33114,1.33163,2.25,1.50
2011.02.22 01:03:14.288,1.33114,1.33164,2.25,1.50
2011.02.22 01:03:16.491,1.33115,1.33164,3.00,1.50
2011.02.22 01:03:16.718,1.33115,1.33164,3.00,1.50
2011.02.22 01:03:17.278,1.33115,1.33163,3.00,1.50
2011.02.22 01:03:18.907,1.33115,1.33163,1.50,1.50
2011.02.22 01:03:19.020,1.33124,1.33173,1.69,2.25
2011.02.22 01:03:19.239,1.33129,1.33173,1.69,1.50
2011.02.22 01:03:19.459,1.33128,1.33173,2.44,2.25
2011.02.22 01:03:19.772,1.33124,1.33183,1.69,2.25
2011.02.22 01:03:19.893,1.33124,1.33173,1.69,1.50
2011.02.22 01:03:20.900,1.33123,1.33173,2.25,1.50
2011.02.22 01:03:21.621,1.33123,1.33173,2.25,1.50
2011.02.22 01:03:22.508,1.33119,1.33173,1.50,1.50
2011.02.22 01:03:22.949,1.33119,1.33174,1.50,2.25
2011.02.22 01:03:23.059,1.33112,1.33168,1.50,1.69
2011.02.22 01:03:23.458,1.33106,1.33154,1.50,1.50
2011.02.22 01:03:23.791,1.33104,1.33154,1.50,1.50
2011.02.22 01:03:24.740,1.33122,1.33154,1.50,1.50
2011.02.22 01:03:24.966,1.33123,1.33171,2.25,2.48
2011.02.22 01:03:25.084,1.33123,1.33173,2.25,1.50
2011.02.22 01:03:26.368,1.33123,1.33163,2.25,1.50
2011.02.22 01:03:27.179,1.33123,1.33163,2.25,1.50
2011.02.22 01:03:29.702,1.33119,1.33163,2.25,2.63
2011.02.22 01:03:29.929,1.33108,1.33156,1.50,1.69
2011.02.22 01:03:30.150,1.33108,1.33144,1.50,1.50
2011.02.22 01:03:30.260,1.33107,1.33154,1.50,1.69
2011.02.22 01:03:30.370,1.33112,1.33154,2.25,1.50
2011.02.22 01:03:30.479,1.33112,1.33154,2.25,1.50
2011.02.22 01:03:30.698,1.33107,1.33154,3.00,1.50
2011.02.22 01:03:30.920,1.33105,1.33152,2.25,3.42
2011.02.22 01:03:31.139,1.33101,1.33143,2.25,1.50
2011.02.22 01:03:32.683,1.331,1.33143,1.69,1.50
2011.02.22 01:03:33.020,1.331,1.33159,3.19,1.50
2011.02.22 01:03:34.292,1.33098,1.33153,2.25,2.25
2011.02.22 01:03:34.520,1.33092,1.33144,2.25,2.25
2011.02.22 01:03:34.899,1.33094,1.33144,1.50,1.50
2011.02.22 01:03:36.331,1.33121,1.33171,2.25,1.73
2011.02.22 01:03:36.452,1.33115,1.33171,3.00,1.69
2011.02.22 01:03:36.791,1.33106,1.3316,2.25,1.50
2011.02.22 01:03:37.351,1.33107,1.33158,2.25,1.50
2011.02.22 01:03:37.657,1.33107,1.33151,2.25,1.50
2011.02.22 01:03:37.772,1.33107,1.33151,2.25,1.50
2011.02.22 01:03:37.892,1.33107,1.33149,2.25,1.50
2011.02.22 01:03:38.230,1.33105,1.33147,2.25,1.50
2011.02.22 01:03:38.452,1.33105,1.33147,2.25,1.50
2011.02.22 01:03:38.570,1.33105,1.33147,2.25,1.50
2011.02.22 01:03:38.681,1.33105,1.33144,2.25,2.25
2011.02.22 01:03:38.901,1.33105,1.33156,2.25,1.13
2011.02.22 01:03:39.130,1.33105,1.33144,1.50,3.75
2011.02.22 01:03:39.243,1.33105,1.33133,1.50,1.50
2011.02.22 01:03:39.711,1.33105,1.33133,2.25,1.50
2011.02.22 01:03:40.061,1.33105,1.33131,1.50,1.50
2011.02.22 01:03:41.957,1.33085,1.3314,2.44,1.50
2011.02.22 01:03:42.077,1.33097,1.33145,1.50,1.50
2011.02.22 01:03:42.194,1.33097,1.33144,2.25,1.50
2011.02.22 01:03:42.534,1.33086,1.3315,2.25,1.50
2011.02.22 01:03:42.935,1.33098,1.33143,1.50,1.50
2011.02.22 01:03:43.053,1.33098,1.33153,2.25,1.50
2011.02.22 01:03:43.173,1.33099,1.33159,2.48,1.50
2011.02.22 01:03:43.400,1.33124,1.33163,3.00,1.50
2011.02.22 01:03:43.731,1.3311,1.33154,1.50,1.50
2011.02.22 01:03:44.609,1.33114,1.33177,2.25,1.50
2011.02.22 01:03:45.561,1.33118,1.33182,3.00,1.50
2011.02.22 01:03:46.120,1.33122,1.33186,1.50,1.50
2011.02.22 01:03:46.780,1.33126,1.33164,1.50,1.50
2011.02.22 01:03:47.013,1.33126,1.33164,1.50,1.50
2011.02.22 01:03:47.125,1.33132,1.33174,2.25,1.50
2011.02.22 01:03:47.459,1.33135,1.33174,2.25,1.50
2011.02.22 01:03:48.448,1.33124,1.33174,2.25,1.50
2011.02.22 01:03:49.902,1.33125,1.33174,2.25,1.50
2011.02.22 01:03:50.458,1.3313,1.33173,2.25,1.50
2011.02.22 01:03:50.790,1.33135,1.33183,2.48,1.50
2011.02.22 01:03:51.339,1.33136,1.33184,1.50,1.50
2011.02.22 01:03:51.942,1.33136,1.33194,3.00,2.25
2011.02.22 01:03:52.532,1.33141,1.33194,1.50,2.25
2011.02.22 01:03:53.313,1.33142,1.33194,1.50,2.25
2011.02.22 01:03:53.869,1.33131,1.33183,1.50,1.50
2011.02.22 01:03:55.440,1.33127,1.33183,3.75,2.25
2011.02.22 01:03:55.771,1.33127,1.33183,2.25,3.00
2011.02.22 01:03:55.990,1.33138,1.33178,1.50,1.50
2011.02.22 01:03:56.100,1.33155,1.33188,1.50,1.50
2011.02.22 01:03:56.208,1.33155,1.33203,1.50,1.50
2011.02.22 01:03:56.318,1.33151,1.33203,1.50,1.50
2011.02.22 01:03:56.534,1.33151,1.33203,1.50,1.50
2011.02.22 01:03:56.654,1.33151,1.33204,2.25,2.25
2011.02.22 01:03:58.790,1.33151,1.33204,1.50,2.25
2011.02.22 01:03:58.901,1.33151,1.33203,2.25,1.69
2011.02.22 01:04:00.128,1.33152,1.33203,1.50,1.69
2011.02.22 01:04:00.547,1.33176,1.33204,1.50,2.25
2011.02.22 01:04:00.891,1.33184,1.33213,1.50,2.25
2011.02.22 01:04:01.231,1.33181,1.33213,2.25,2.25
2011.02.22 01:04:01.458,1.33175,1.33213,2.48,2.25
2011.02.22 01:04:02.021,1.33175,1.33213,2.48,2.25
2011.02.22 01:04:03.289,1.33175,1.33223,2.48,2.25
2011.02.22 01:04:03.840,1.33172,1.33214,1.58,2.25
2011.02.22 01:04:04.409,1.33172,1.33224,3.00,2.25
2011.02.22 01:04:04.812,1.33167,1.33214,1.77,2.25
2011.02.22 01:04:05.259,1.33174,1.33224,1.50,2.25
2011.02.22 01:04:05.482,1.33177,1.33224,2.25,2.25
2011.02.22 01:04:05.603,1.33177,1.33224,2.25,2.25
2011.02.22 01:04:05.724,1.33167,1.33223,2.63,2.25
2011.02.22 01:04:05.842,1.33167,1.33223,2.25,2.25
2011.02.22 01:04:06.178,1.33167,1.33218,2.25,2.25
2011.02.22 01:04:06.801,1.33185,1.33218,2.25,2.25
2011.02.22 01:04:07.024,1.332,1.33219,1.69,1.50
2011.02.22 01:04:07.141,1.33194,1.33219,2.48,1.50
2011.02.22 01:04:07.253,1.33204,1.33236,1.50,1.50
2011.02.22 01:04:07.652,1.3319,1.33234,3.00,2.25
2011.02.22 01:04:07.775,1.33165,1.33234,3.00,1.50
2011.02.22 01:04:07.892,1.33165,1.33243,3.00,2.25
2011.02.22 01:04:08.009,1.33185,1.33236,1.50,1.50
2011.02.22 01:04:08.339,1.33185,1.33224,1.50,2.25
2011.02.22 01:04:10.597,1.33185,1.33233,1.50,2.25
2011.02.22 01:04:10.930,1.33192,1.33233,3.00,2.25
2011.02.22 01:04:11.261,1.33191,1.33233,1.50,2.25
2011.02.22 01:04:11.369,1.33191,1.33233,2.25,1.50
2011.02.22 01:04:11.810,1.33181,1.33233,1.28,2.25
2011.02.22 01:04:11.922,1.33188,1.33233,3.00,2.25
2011.02.22 01:04:12.302,1.33184,1.33224,3.00,2.25
2011.02.22 01:04:12.425,1.33163,1.33224,3.00,2.25
2011.02.22 01:04:12.541,1.33163,1.33224,3.00,2.25
2011.02.22 01:04:12.762,1.33164,1.33213,1.50,2.25
2011.02.22 01:04:13.868,1.3317,1.33213,1.50,1.50
2011.02.22 01:04:13.984,1.3318,1.33213,1.13,1.50
2011.02.22 01:04:14.320,1.33203,1.33243,1.50,1.50
2011.02.22 01:04:14.648,1.33197,1.33243,2.25,2.25
2011.02.22 01:04:15.358,1.332,1.33243,1.50,2.25
2011.02.22 01:04:15.579,1.33197,1.33243,2.25,1.50
2011.02.22 01:04:16.689,1.332,1.33243,2.25,2.25
2011.02.22 01:04:16.799,1.33206,1.33254,1.50,2.25
2011.02.22 01:04:17.130,1.33204,1.33254,2.25,1.50
2011.02.22 01:04:17.240,1.33204,1.33254,2.25,2.44
2011.02.22 01:04:17.351,1.33196,1.33254,2.25,2.44
2011.02.22 01:04:17.469,1.33196,1.33254,2.25,2.25
2011.02.22 01:04:17.688,1.33196,1.33254,2.25,2.25
2011.02.22 01:04:18.678,1.33207,1.33254,1.13,2.25
2011.02.22 01:04:18.791,1.33207,1.33263,1.13,2.25
2011.02.22 01:04:18.911,1.33227,1.3326,1.50,1.50
2011.02.22 01:04:19.031,1.33216,1.33263,1.73,1.50
2011.02.22 01:04:19.139,1.33206,1.33258,1.50,4.73
2011.02.22 01:04:19.469,1.33206,1.33261,1.50,1.50
2011.02.22 01:04:19.579,1.33216,1.33261,1.50,1.50
2011.02.22 01:04:19.798,1.33216,1.33261,1.50,1.50
2011.02.22 01:04:20.241,1.33216,1.33261,1.50,1.50
2011.02.22 01:04:20.654,1.33216,1.33261,1.50,1.50
2011.02.22 01:04:22.968,1.33216,1.33256,1.50,1.50
2011.02.22 01:04:23.348,1.33216,1.33256,1.50,1.50
2011.02.22 01:04:24.109,1.33216,1.33256,1.50,1.50
2011.02.22 01:04:24.951,1.33216,1.33256,1.50,1.50
2011.02.22 01:04:25.072,1.33217,1.33265,1.50,2.25
2011.02.22 01:04:25.410,1.3322,1.33248,1.50,2.48
2011.02.22 01:04:25.519,1.33197,1.33248,1.50,2.48
2011.02.22 01:04:25.630,1.33197,1.33253,1.50,1.50
2011.02.22 01:04:25.850,1.33206,1.33253,1.50,1.50
2011.02.22 01:04:26.422,1.33207,1.33257,1.50,1.50
2011.02.22 01:04:26.648,1.33207,1.33253,1.50,3.23
2011.02.22 01:04:27.452,1.33207,1.33244,1.50,1.50
2011.02.22 01:04:27.681,1.33207,1.33244,1.50,1.50
2011.02.22 01:04:29.120,1.33207,1.33258,1.50,2.25
2011.02.22 01:04:29.229,1.33207,1.33258,1.50,2.25
2011.02.22 01:04:31.487,1.33207,1.33256,1.50,1.50
2011.02.22 01:04:33.088,1.33201,1.33256,1.50,1.50
2011.02.22 01:04:33.409,1.33204,1.33253,1.50,2.25
2011.02.22 01:04:33.742,1.33206,1.3326,1.50,1.50
2011.02.22 01:04:34.078,1.33206,1.3326,1.50,1.50
2011.02.22 01:04:34.513,1.33205,1.33253,1.50,2.25
2011.02.22 01:04:36.558,1.33212,1.33253,1.50,2.25
2011.02.22 01:04:41.711,1.33214,1.33244,1.50,2.25
2011.02.22 01:04:42.039,1.332,1.33244,2.25,2.25
2011.02.22 01:04:42.370,1.33217,1.33244,1.50,1.50
2011.02.22 01:04:43.474,1.33228,1.33253,1.50,1.50
2011.02.22 01:04:44.008,1.33234,1.33253,1.50,1.50
2011.02.22 01:04:44.449,1.33236,1.33253,1.50,1.50
2011.02.22 01:04:44.669,1.33214,1.33264,2.25,2.25
2011.02.22 01:04:45.258,1.33235,1.33264,1.50,1.50
2011.02.22 01:04:45.678,1.33231,1.33264,1.50,1.50
2011.02.22 01:04:45.901,1.33214,1.33264,2.25,2.25
2011.02.22 01:04:46.149,1.33214,1.33264,2.25,2.25
2011.02.22 01:04:46.370,1.3323,1.33264,1.50,1.50
2011.02.22 01:04:47.493,1.33214,1.33264,2.25,2.25
2011.02.22 01:04:47.940,1.3323,1.33253,1.50,1.50
2011.02.22 01:04:48.161,1.33233,1.33253,1.50,1.50
2011.02.22 01:04:48.721,1.33234,1.33264,1.50,1.50
2011.02.22 01:04:49.049,1.33216,1.33264,2.25,2.25
2011.02.22 01:04:49.269,1.33231,1.33264,1.50,1.50
2011.02.22 01:04:49.380,1.33234,1.33264,1.50,1.50
2011.02.22 01:04:49.939,1.33233,1.33264,1.50,1.50
2011.02.22 01:04:50.158,1.3323,1.33264,1.50,1.50
2011.02.22 01:04:50.271,1.33229,1.33264,1.50,1.50
2011.02.22 01:04:50.391,1.33206,1.33264,3.00,1.50
2011.02.22 01:04:50.508,1.33206,1.33264,3.00,2.25
2011.02.22 01:04:50.839,1.33229,1.33264,1.50,1.50
2011.02.22 01:04:50.948,1.3321,1.33264,2.25,2.25
2011.02.22 01:04:52.738,1.33229,1.33264,1.50,2.25
2011.02.22 01:04:52.851,1.33232,1.33264,1.50,1.50
2011.02.22 01:04:53.189,1.33213,1.33264,2.25,2.25
2011.02.22 01:04:54.310,1.33231,1.33264,1.50,1.50
2011.02.22 01:04:55.138,1.3323,1.33264,1.50,1.50
2011.02.22 01:04:55.891,1.3323,1.33264,1.50,1.50
2011.02.22 01:04:56.118,1.33206,1.33264,3.00,1.50
2011.02.22 01:04:56.229,1.33206,1.33264,3.00,2.25
2011.02.22 01:04:56.540,1.33209,1.33264,2.25,2.25
2011.02.22 01:04:56.767,1.33224,1.33264,1.50,2.25
2011.02.22 01:04:57.620,1.33227,1.33264,1.50,1.50
2011.02.22 01:04:58.057,1.33229,1.33264,1.50,1.50
2011.02.22 01:04:59.120,1.33228,1.33264,1.50,1.50
2011.02.22 01:05:00.276,1.33229,1.33264,1.50,1.50
2011.02.22 01:05:00.389,1.33226,1.33264,1.50,1.50
2011.02.22 01:05:00.987,1.33228,1.33264,1.50,1.50
2011.02.22 01:05:02.462,1.33227,1.33264,1.50,1.50
2011.02.22 01:05:03.590,1.33231,1.33273,1.50,1.50
2011.02.22 01:05:03.698,1.33229,1.33273,1.50,2.25
2011.02.22 01:05:04.503,1.3323,1.33274,1.50,2.25
2011.02.22 01:05:05.501,1.33216,1.33274,1.50,2.25
2011.02.22 01:05:05.729,1.33216,1.33272,1.50,2.48
2011.02.22 01:05:06.552,1.33216,1.33263,1.50,2.25
2011.02.22 01:05:06.676,1.33219,1.33263,1.50,2.25
2011.02.22 01:05:07.020,1.33217,1.33263,1.50,2.25
2011.02.22 01:05:08.398,1.33217,1.33263,1.50,2.25
2011.02.22 01:05:08.619,1.33225,1.33263,1.50,2.25
2011.02.22 01:05:08.951,1.33229,1.33263,1.50,2.25
2011.02.22 01:05:09.281,1.33211,1.33263,1.69,2.25
2011.02.22 01:05:09.400,1.33216,1.33263,1.50,2.25
2011.02.22 01:05:09.620,1.33216,1.33253,1.50,2.25
2011.02.22 01:05:11.851,1.33217,1.33264,1.50,2.25
2011.02.22 01:05:12.748,1.33217,1.33264,1.50,2.25
2011.02.22 01:05:12.862,1.3321,1.33264,1.50,2.25
2011.02.22 01:05:13.688,1.3321,1.33264,1.50,2.25
2011.02.22 01:05:13.820,1.33217,1.33267,1.50,1.50
2011.02.22 01:05:14.149,1.33217,1.33268,1.50,1.50
2011.02.22 01:05:14.261,1.33218,1.33273,1.50,3.19
2011.02.22 01:05:14.381,1.3321,1.33264,1.50,2.25
2011.02.22 01:05:14.599,1.33206,1.33264,3.00,2.25
2011.02.22 01:05:14.929,1.33202,1.33264,1.50,2.25
2011.02.22 01:05:15.165,1.33201,1.33263,1.50,1.50
2011.02.22 01:05:15.286,1.33199,1.33259,1.50,2.48
2011.02.22 01:05:15.398,1.33197,1.33253,1.50,2.25
2011.02.22 01:05:16.097,1.33197,1.33253,1.50,3.00
2011.02.22 01:05:17.459,1.33197,1.33253,1.50,3.00
2011.02.22 01:05:18.901,1.33197,1.3325,1.50,1.50
2011.02.22 01:05:19.021,1.33191,1.33249,1.50,2.25
2011.02.22 01:05:19.979,1.33191,1.33244,1.50,2.25
2011.02.22 01:05:20.930,1.33191,1.33244,1.69,2.25
2011.02.22 01:05:21.150,1.33195,1.33244,1.50,2.25
2011.02.22 01:05:22.339,1.33199,1.33244,2.44,2.25
2011.02.22 01:05:22.670,1.33199,1.3325,2.44,1.50
2011.02.22 01:05:22.781,1.33207,1.3325,1.50,1.50
2011.02.22 01:05:23.110,1.33207,1.33257,3.00,1.50
2011.02.22 01:05:23.220,1.33207,1.33257,1.50,1.50
2011.02.22 01:05:24.001,1.33196,1.33254,3.75,2.25
2011.02.22 01:05:24.109,1.33196,1.33254,3.00,2.25
2011.02.22 01:05:24.220,1.33196,1.33247,1.50,1.50
2011.02.22 01:05:24.519,1.33184,1.33228,1.69,1.73
2011.02.22 01:05:24.959,1.33193,1.33244,1.50,2.25
2011.02.22 01:05:25.494,1.33192,1.33244,1.50,2.25
2011.02.22 01:05:27.162,1.33192,1.33244,1.50,2.25
2011.02.22 01:05:27.282,1.33184,1.33233,1.69,2.25
2011.02.22 01:05:27.789,1.33193,1.33233,1.50,2.25
2011.02.22 01:05:28.120,1.33195,1.33243,1.50,2.25
2011.02.22 01:05:28.502,1.33187,1.33243,2.44,2.25
2011.02.22 01:05:28.736,1.33183,1.33239,1.69,2.25
2011.02.22 01:05:28.852,1.33179,1.33239,1.50,2.44
2011.02.22 01:05:28.970,1.33179,1.33237,1.50,2.67
2011.02.22 01:05:29.080,1.33187,1.33234,1.50,2.25
2011.02.22 01:05:32.043,1.33186,1.33234,1.50,2.25
2011.02.22 01:05:32.638,1.33177,1.33234,2.25,2.25
2011.02.22 01:05:32.969,1.33179,1.33234,1.50,2.25
2011.02.22 01:05:33.079,1.33186,1.33234,1.50,2.25
2011.02.22 01:05:33.408,1.33188,1.33234,1.50,2.25
2011.02.22 01:05:33.738,1.33193,1.33234,1.50,2.25
2011.02.22 01:05:33.960,1.33193,1.33234,1.50,2.25
2011.02.22 01:05:34.071,1.33195,1.33234,1.50,2.25
2011.02.22 01:05:35.033,1.33178,1.33233,2.25,1.69
2011.02.22 01:05:35.149,1.33178,1.33233,2.25,1.69
2011.02.22 01:05:35.262,1.33184,1.33235,2.44,2.48
2011.02.22 01:05:35.379,1.33196,1.33244,1.50,2.25
2011.02.22 01:05:35.711,1.33196,1.33234,1.50,2.25
2011.02.22 01:05:36.063,1.33199,1.33244,1.50,2.25
2011.02.22 01:05:36.183,1.33195,1.33244,1.50,2.25
2011.02.22 01:05:36.299,1.33195,1.33244,1.50,2.25
2011.02.22 01:05:36.669,1.33195,1.33244,1.50,2.25
2011.02.22 01:05:36.998,1.332,1.33244,1.50,2.25
2011.02.22 01:05:37.329,1.33202,1.33252,1.50,1.69
2011.02.22 01:05:38.619,1.33203,1.33252,1.50,1.69
2011.02.22 01:05:39.742,1.33194,1.33243,1.50,2.25
2011.02.22 01:05:39.968,1.33194,1.33243,1.50,2.25
2011.02.22 01:05:40.080,1.33203,1.33243,1.50,2.25
2011.02.22 01:05:40.410,1.33203,1.33252,1.50,1.69
2011.02.22 01:05:40.979,1.33203,1.33253,1.50,2.25
2011.02.22 01:05:41.255,1.33205,1.33253,1.50,2.25
2011.02.22 01:05:42.329,1.33205,1.33253,1.50,2.25
2011.02.22 01:05:42.549,1.33197,1.33253,3.19,2.25
2011.02.22 01:05:42.660,1.33197,1.33247,2.25,1.69
2011.02.22 01:05:42.988,1.33187,1.33234,2.25,2.25
2011.02.22 01:05:44.360,1.33177,1.3323,3.00,1.69
2011.02.22 01:05:44.579,1.3318,1.33234,2.25,2.25
2011.02.22 01:05:45.347,1.33187,1.33241,3.00,1.50
2011.02.22 01:05:45.679,1.33194,1.33243,1.50,2.25
2011.02.22 01:05:47.637,1.33195,1.33243,1.50,2.25
2011.02.22 01:05:50.701,1.33195,1.33243,1.50,2.25
2011.02.22 01:05:50.809,1.33199,1.33253,1.50,2.25
2011.02.22 01:05:51.138,1.33203,1.33253,1.50,2.25
2011.02.22 01:05:53.279,1.33202,1.33243,1.50,2.25
2011.02.22 01:05:53.610,1.33192,1.33226,2.25,1.69
2011.02.22 01:05:53.720,1.33177,1.33226,2.25,3.42
2011.02.22 01:05:53.828,1.332,1.33226,1.50,2.48
2011.02.22 01:05:54.050,1.33191,1.33234,1.50,1.69
2011.02.22 01:05:54.159,1.33181,1.33234,1.50,1.69
2011.02.22 01:05:54.270,1.33189,1.33234,1.50,3.19
2011.02.22 01:05:54.818,1.33188,1.33234,1.50,2.25
2011.02.22 01:05:55.559,1.33176,1.33227,2.25,1.73
2011.02.22 01:05:55.889,1.33188,1.33234,1.50,2.25
2011.02.22 01:05:55.999,1.33188,1.33234,1.50,2.25
2011.02.22 01:05:57.168,1.33188,1.33234,1.50,2.25
2011.02.22 01:05:58.240,1.33178,1.33234,1.50,2.25
2011.02.22 01:05:58.458,1.33178,1.33234,1.50,2.25
2011.02.22 01:05:58.791,1.33166,1.33213,2.25,1.69
2011.02.22 01:05:59.136,1.33179,1.33222,1.50,1.50
2011.02.22 01:05:59.361,1.33179,1.33224,1.50,2.25
2011.02.22 01:05:59.811,1.33178,1.33224,1.50,2.25
2011.02.22 01:06:00.152,1.33175,1.33224,1.50,2.25
2011.02.22 01:06:00.269,1.33175,1.33224,1.50,2.25
2011.02.22 01:06:00.380,1.33175,1.33224,1.50,2.25
2011.02.22 01:06:00.709,1.33175,1.33224,1.50,2.25
2011.02.22 01:06:00.931,1.33176,1.33224,1.50,2.25
2011.02.22 01:06:01.369,1.33174,1.33224,1.50,2.25
2011.02.22 01:06:02.075,1.33166,1.33207,1.50,1.69
2011.02.22 01:06:02.191,1.33166,1.33203,1.50,2.48
2011.02.22 01:06:02.309,1.33174,1.33203,1.50,2.48
2011.02.22 01:06:02.529,1.33174,1.33213,1.50,2.25
2011.02.22 01:06:03.883,1.33174,1.33213,1.50,2.25
2011.02.22 01:06:04.000,1.33176,1.33213,1.50,2.25
2011.02.22 01:06:04.330,1.33187,1.3323,1.50,1.50
2011.02.22 01:06:04.438,1.33187,1.3323,1.50,1.50
2011.02.22 01:06:04.551,1.33182,1.33234,1.50,3.00
2011.02.22 01:06:04.659,1.33182,1.33234,1.50,3.00
2011.02.22 01:06:04.879,1.33186,1.33234,1.50,3.00
2011.02.22 01:06:05.211,1.33182,1.33233,1.50,1.69
2011.02.22 01:06:05.431,1.33176,1.33233,1.50,3.42
2011.02.22 01:06:05.759,1.33176,1.33234,2.44,2.25
2011.02.22 01:06:06.087,1.33192,1.33234,1.50,2.25
2011.02.22 01:06:07.218,1.33194,1.33234,1.50,2.25
2011.02.22 01:06:08.028,1.33196,1.33234,1.50,2.25
2011.02.22 01:06:08.580,1.33176,1.33229,1.50,1.69
2011.02.22 01:06:08.690,1.33176,1.3323,1.69,1.50
2011.02.22 01:06:09.085,1.33196,1.33234,1.50,2.25
2011.02.22 01:06:09.528,1.33193,1.33234,1.50,2.25
2011.02.22 01:06:09.639,1.33191,1.33234,1.50,2.25
2011.02.22 01:06:09.859,1.33191,1.33234,1.50,2.25
2011.02.22 01:06:10.300,1.33194,1.33234,1.50,2.25
2011.02.22 01:06:10.630,1.33196,1.33234,1.50,2.25
2011.02.22 01:06:11.510,1.33197,1.33234,1.50,2.25
2011.02.22 01:06:11.861,1.33199,1.33234,1.50,2.25
2011.02.22 01:06:11.980,1.33196,1.33234,1.50,2.25
2011.02.22 01:06:12.089,1.33196,1.33234,1.50,2.25
2011.02.22 01:06:12.421,1.33199,1.33243,1.50,2.25
2011.02.22 01:06:12.759,1.33199,1.33243,1.50,2.25
2011.02.22 01:06:12.869,1.33199,1.33243,1.50,2.25
2011.02.22 01:06:13.088,1.33199,1.33243,1.50,2.25
2011.02.22 01:06:13.878,1.33197,1.33243,1.50,2.25
2011.02.22 01:06:14.629,1.33196,1.33243,1.50,2.25
2011.02.22 01:06:15.068,1.33187,1.33243,1.65,2.25
2011.02.22 01:06:15.180,1.33187,1.33239,3.00,2.48
2011.02.22 01:06:15.511,1.33191,1.33234,1.50,2.25
2011.02.22 01:06:15.729,1.33181,1.33234,1.50,2.25
2011.02.22 01:06:15.948,1.33181,1.33231,1.50,1.50
2011.02.22 01:06:16.063,1.33177,1.33224,1.50,2.25
2011.02.22 01:06:16.180,1.33177,1.33224,1.50,2.25
2011.02.22 01:06:16.289,1.33174,1.33224,1.50,2.25
2011.02.22 01:06:16.511,1.33172,1.33224,1.50,3.00
2011.02.22 01:06:16.631,1.33169,1.33224,1.50,3.00
2011.02.22 01:06:16.739,1.33171,1.33223,1.50,1.50
2011.02.22 01:06:16.959,1.33171,1.33223,1.50,1.50
2011.02.22 01:06:23.311,1.33175,1.33223,1.50,1.50
2011.02.22 01:06:23.429,1.3318,1.33224,1.50,2.25
2011.02.22 01:06:23.833,1.3318,1.33224,1.50,2.25
2011.02.22 01:06:27.400,1.33181,1.33224,1.50,2.25
2011.02.22 01:06:27.510,1.33171,1.33224,1.50,2.25
2011.02.22 01:06:28.170,1.33171,1.33224,1.50,3.19
2011.02.22 01:06:28.446,1.3317,1.33214,1.50,2.25
2011.02.22 01:06:28.669,1.33167,1.33214,1.50,2.25
2011.02.22 01:06:28.999,1.33164,1.33214,1.50,2.25
2011.02.22 01:06:31.218,1.33163,1.33214,1.50,2.25
2011.02.22 01:06:34.329,1.3316,1.33214,1.50,2.25
2011.02.22 01:06:35.888,1.33161,1.33214,1.50,2.25
2011.02.22 01:06:36.108,1.33164,1.33214,1.50,2.25
2011.02.22 01:06:36.220,1.33156,1.33214,2.25,2.25
2011.02.22 01:06:36.492,1.33146,1.33198,1.50,1.73
2011.02.22 01:06:38.428,1.33146,1.33203,1.50,1.50
2011.02.22 01:06:38.979,1.33157,1.33203,1.50,1.50
2011.02.22 01:06:40.199,1.33146,1.33203,1.50,1.50
2011.02.22 01:06:43.969,1.33146,1.33204,1.50,4.73
2011.02.22 01:06:44.190,1.33146,1.33202,1.50,1.50
2011.02.22 01:06:48.171,1.3317,1.33202,1.50,1.50
2011.02.22 01:06:48.281,1.33172,1.33212,2.25,2.25
2011.02.22 01:06:48.393,1.33158,1.33208,1.32,2.25
2011.02.22 01:06:48.510,1.33161,1.33203,2.48,1.69
2011.02.22 01:06:48.620,1.33161,1.33195,1.73,3.00
2011.02.22 01:06:48.729,1.33146,1.33193,2.63,2.48
2011.02.22 01:06:48.840,1.33147,1.33193,1.50,2.48
2011.02.22 01:06:48.951,1.33155,1.33203,1.13,3.19
2011.02.22 01:06:49.289,1.33176,1.33219,1.50,1.69
2011.02.22 01:06:49.675,1.33176,1.33213,1.50,3.75
2011.02.22 01:06:51.928,1.33178,1.33226,1.50,1.50
2011.02.22 01:06:53.839,1.33176,1.33226,1.50,1.50
2011.02.22 01:06:54.060,1.33176,1.3322,1.50,1.50
2011.02.22 01:06:54.170,1.33166,1.33221,1.69,1.50
2011.02.22 01:06:54.389,1.33169,1.33221,1.69,1.50
2011.02.22 01:06:54.719,1.33172,1.3322,1.50,1.50
2011.02.22 01:06:54.828,1.33172,1.33213,1.50,1.50
2011.02.22 01:06:55.049,1.33175,1.33216,1.50,1.50
2011.02.22 01:06:55.380,1.33167,1.33209,1.50,1.50
2011.02.22 01:06:55.492,1.33177,1.33209,1.50,1.50
2011.02.22 01:06:55.984,1.33177,1.3322,1.50,1.50
2011.02.22 01:06:56.321,1.33169,1.33213,1.69,1.50
2011.02.22 01:06:56.550,1.33166,1.33213,1.50,1.50
2011.02.22 01:06:56.660,1.33166,1.33214,1.50,1.50
2011.02.22 01:06:57.099,1.33166,1.33198,1.50,1.50
2011.02.22 01:06:57.647,1.33156,1.33199,1.50,1.50
2011.02.22 01:06:58.089,1.33156,1.33198,1.50,1.50
2011.02.22 01:06:58.419,1.33156,1.33195,1.50,1.50
2011.02.22 01:06:59.152,1.33156,1.33194,1.50,1.50
2011.02.22 01:06:59.569,1.33146,1.33192,2.25,1.50
2011.02.22 01:06:59.681,1.33146,1.33191,2.25,1.50
2011.02.22 01:07:01.282,1.33141,1.3319,2.25,1.50
2011.02.22 01:07:01.951,1.33141,1.33191,2.25,1.50
2011.02.22 01:07:02.774,1.33145,1.33193,1.50,1.50
2011.02.22 01:07:02.890,1.33145,1.33193,1.50,1.50
2011.02.22 01:07:02.998,1.3315,1.33203,2.25,3.75
2011.02.22 01:07:04.230,1.3315,1.33203,2.44,2.25
2011.02.22 01:07:04.339,1.3317,1.33202,2.25,1.50
2011.02.22 01:07:04.670,1.33184,1.33235,2.44,1.50
2011.02.22 01:07:04.999,1.33186,1.33236,1.69,1.50
2011.02.22 01:07:05.606,1.33192,1.33243,1.50,1.50
2011.02.22 01:07:06.418,1.33186,1.33236,1.77,1.50
2011.02.22 01:07:07.018,1.33186,1.33236,1.77,1.50
2011.02.22 01:07:09.229,1.33186,1.33229,1.69,1.50
2011.02.22 01:07:09.450,1.33186,1.33229,1.50,1.50
2011.02.22 01:07:09.559,1.33177,1.33216,1.50,1.50
2011.02.22 01:07:10.108,1.33177,1.33216,1.50,1.50
2011.02.22 01:07:12.779,1.33177,1.33206,1.50,1.50
2011.02.22 01:07:12.888,1.33167,1.33206,1.50,1.50
2011.02.22 01:07:12.997,1.33167,1.33206,2.25,1.50
2011.02.22 01:07:15.819,1.33166,1.33213,2.25,1.50
2011.02.22 01:07:17.309,1.33165,1.33203,1.50,1.50
2011.02.22 01:07:17.418,1.33156,1.33203,2.25,1.50
2011.02.22 01:07:17.534,1.33156,1.33203,2.25,3.00
2011.02.22 01:07:17.870,1.33147,1.33184,2.25,3.75
2011.02.22 01:07:18.201,1.33147,1.3317,1.50,1.50
2011.02.22 01:07:18.309,1.33147,1.3317,1.50,1.50
2011.02.22 01:07:18.700,1.33147,1.33184,2.44,3.00
2011.02.22 01:07:19.030,1.33153,1.33205,1.69,1.50
2011.02.22 01:07:19.249,1.33153,1.3321,1.69,1.50
2011.02.22 01:07:19.919,1.33166,1.3321,2.25,1.50
2011.02.22 01:07:20.248,1.33157,1.33202,2.25,1.50
2011.02.22 01:07:20.579,1.33157,1.33194,2.25,1.50
2011.02.22 01:07:21.021,1.33157,1.33202,2.25,1.50
2011.02.22 01:07:21.239,1.33157,1.33202,2.25,1.50
2011.02.22 01:07:21.569,1.33157,1.33193,2.25,1.50
2011.02.22 01:07:23.161,1.33157,1.33193,2.25,1.50
2011.02.22 01:07:25.168,1.33147,1.33193,2.25,1.50
2011.02.22 01:07:26.049,1.33147,1.33194,2.25,1.50
2011.02.22 01:07:26.269,1.33147,1.33199,2.25,1.50
2011.02.22 01:07:30.509,1.33147,1.33199,2.25,1.50
2011.02.22 01:07:32.790,1.33147,1.3319,2.25,1.50
2011.02.22 01:07:33.120,1.33136,1.3319,2.25,1.50
2011.02.22 01:07:39.039,1.33137,1.3319,2.25,1.50
2011.02.22 01:07:41.581,1.3315,1.3319,2.25,1.50
2011.02.22 01:07:41.700,1.3315,1.33193,2.25,2.25
2011.02.22 01:07:41.810,1.3315,1.33193,2.25,1.50
2011.02.22 01:07:41.918,1.3315,1.33203,2.25,1.50
2011.02.22 01:07:43.980,1.3315,1.33203,2.25,1.50
2011.02.22 01:07:44.308,1.33146,1.332,2.25,1.50
2011.02.22 01:07:44.528,1.33146,1.33204,2.25,3.00
2011.02.22 01:07:46.591,1.33146,1.33204,2.25,3.00
2011.02.22 01:07:47.780,1.33149,1.33204,2.25,2.25
2011.02.22 01:07:47.888,1.33149,1.33204,2.25,1.50
2011.02.22 01:07:49.137,1.33154,1.33204,2.25,1.50
2011.02.22 01:07:50.832,1.33157,1.33205,2.25,1.50
2011.02.22 01:07:51.599,1.33157,1.33208,2.25,1.50
2011.02.22 01:07:53.588,1.33147,1.33204,2.25,2.25
2011.02.22 01:07:53.698,1.33147,1.33204,2.25,3.00
2011.02.22 01:07:54.030,1.33145,1.332,2.25,1.73
2011.02.22 01:07:54.359,1.33152,1.3321,2.25,1.50
2011.02.22 01:07:54.689,1.33155,1.33216,2.25,1.50
2011.02.22 01:07:54.798,1.33155,1.33204,2.25,1.50
2011.02.22 01:07:57.599,1.3316,1.33204,2.25,1.50
2011.02.22 01:07:58.042,1.33164,1.33204,2.25,1.50
2011.02.22 01:08:00.647,1.33168,1.33213,2.25,1.50
2011.02.22 01:08:01.539,1.33168,1.33213,2.25,1.50
2011.02.22 01:08:02.178,1.33168,1.33189,1.50,1.50
2011.02.22 01:08:02.290,1.33157,1.33183,1.50,1.73
2011.02.22 01:08:02.400,1.33133,1.33183,1.50,1.73
2011.02.22 01:08:02.512,1.33152,1.33191,1.13,1.73
2011.02.22 01:08:02.629,1.33165,1.33191,2.25,1.73
2011.02.22 01:08:02.741,1.33163,1.33194,3.00,1.50
2011.02.22 01:08:02.849,1.33163,1.33194,1.50,1.50
2011.02.22 01:08:02.959,1.33163,1.33204,1.50,1.50
2011.02.22 01:08:03.178,1.33163,1.33193,1.50,1.50
2011.02.22 01:08:03.398,1.33163,1.33193,1.50,1.50
2011.02.22 01:08:04.059,1.3316,1.33221,1.50,1.73
2011.02.22 01:08:04.720,1.3316,1.33224,1.50,1.50
2011.02.22 01:08:05.268,1.3316,1.33193,1.50,1.50
2011.02.22 01:08:06.589,1.3316,1.33193,1.50,1.50
2011.02.22 01:08:07.013,1.3316,1.33193,1.50,1.50
2011.02.22 01:08:08.089,1.3316,1.33193,1.50,1.50
2011.02.22 01:08:08.899,1.33155,1.33193,1.50,1.50
2011.02.22 01:08:09.010,1.33155,1.33193,1.50,1.50
2011.02.22 01:08:09.119,1.33158,1.33204,2.25,1.50
2011.02.22 01:08:09.449,1.33164,1.33204,1.50,1.50
2011.02.22 01:08:12.977,1.33147,1.3319,1.50,1.50
2011.02.22 01:08:13.092,1.33146,1.33183,1.50,1.73
2011.02.22 01:08:13.319,1.3315,1.3319,1.69,1.50
2011.02.22 01:08:13.430,1.33154,1.33193,2.44,1.50
2011.02.22 01:08:13.649,1.3315,1.33204,1.50,1.50
2011.02.22 01:08:13.761,1.3315,1.33183,1.50,1.50
2011.02.22 01:08:14.521,1.3315,1.33183,1.50,1.50
2011.02.22 01:08:14.968,1.33148,1.33183,1.50,1.50
2011.02.22 01:08:15.189,1.33148,1.3318,1.50,1.50
2011.02.22 01:08:15.520,1.33138,1.33183,2.25,1.73
2011.02.22 01:08:15.739,1.33133,1.33173,5.67,1.50
2011.02.22 01:08:15.848,1.33133,1.33184,5.67,1.50
2011.02.22 01:08:16.440,1.33137,1.33173,2.25,1.50
2011.02.22 01:08:16.769,1.33136,1.33197,2.25,2.25
2011.02.22 01:08:19.580,1.33131,1.33194,1.50,1.50
2011.02.22 01:08:19.911,1.33131,1.33181,1.50,2.78
2011.02.22 01:08:20.238,1.33127,1.33183,2.25,2.25
2011.02.22 01:08:21.449,1.33127,1.33183,2.25,3.75
2011.02.22 01:08:21.559,1.33127,1.33147,1.50,2.25
2011.02.22 01:08:21.672,1.33117,1.33171,2.25,2.78
2011.02.22 01:08:22.010,1.33114,1.33138,1.50,2.25
2011.02.22 01:08:22.339,1.33106,1.33138,1.50,2.25
2011.02.22 01:08:22.668,1.33106,1.33139,1.50,2.25
2011.02.22 01:08:25.479,1.33106,1.3314,1.50,2.25
2011.02.22 01:08:25.700,1.33106,1.33148,1.50,2.25
2011.02.22 01:08:25.809,1.33106,1.33163,2.25,2.78
2011.02.22 01:08:25.923,1.33106,1.33139,1.50,1.73
2011.02.22 01:08:26.039,1.33086,1.33113,1.88,2.25
2011.02.22 01:08:26.151,1.33086,1.33113,1.50,2.25
2011.02.22 01:08:26.479,1.33087,1.33137,1.50,1.50
2011.02.22 01:08:27.038,1.33087,1.33139,1.50,3.23
2011.02.22 01:08:28.730,1.3309,1.33136,2.25,2.25
2011.02.22 01:08:29.059,1.33096,1.3314,2.25,2.25
2011.02.22 01:08:29.390,1.33096,1.33139,2.25,4.73
2011.02.22 01:08:30.519,1.33094,1.33142,3.00,1.50
2011.02.22 01:08:30.960,1.33094,1.33142,3.00,1.50
2011.02.22 01:08:31.181,1.33113,1.33144,3.00,2.25
2011.02.22 01:08:31.511,1.33096,1.33137,1.50,1.73
2011.02.22 01:08:33.419,1.33087,1.33136,1.50,2.25
2011.02.22 01:08:33.531,1.33087,1.33137,2.25,1.73
2011.02.22 01:08:33.639,1.33087,1.33141,2.25,1.50
2011.02.22 01:08:34.003,1.33087,1.33143,2.25,1.50
2011.02.22 01:08:34.500,1.33083,1.33142,1.50,1.50
2011.02.22 01:08:34.681,1.33071,1.33137,2.25,2.48
2011.02.22 01:08:34.946,1.33077,1.33142,1.50,1.50
2011.02.22 01:08:36.119,1.33073,1.33137,3.00,1.50
2011.02.22 01:08:36.229,1.33073,1.33133,2.25,1.50
2011.02.22 01:08:40.688,1.33088,1.33136,2.25,1.50
2011.02.22 01:08:41.291,1.33088,1.33136,2.25,1.50
2011.02.22 01:08:42.179,1.33086,1.33136,2.25,1.50
2011.02.22 01:08:42.399,1.33077,1.33129,3.75,1.50
2011.02.22 01:08:43.078,1.33077,1.33125,2.25,1.50
2011.02.22 01:08:44.641,1.33077,1.33127,2.25,1.50
2011.02.22 01:08:44.985,1.33077,1.33125,2.25,1.50
2011.02.22 01:08:51.106,1.33077,1.33125,2.25,1.50
2011.02.22 01:08:51.328,1.33066,1.33126,2.25,1.50
2011.02.22 01:08:53.740,1.3307,1.33124,2.25,2.25
2011.02.22 01:08:53.850,1.33066,1.33121,2.25,1.50
2011.02.22 01:08:54.342,1.33059,1.33113,2.44,1.50
2011.02.22 01:08:55.867,1.33059,1.33113,2.44,1.50
2011.02.22 01:08:57.103,1.33053,1.33103,1.13,1.50
2011.02.22 01:08:58.470,1.33063,1.33113,2.25,2.25
2011.02.22 01:08:58.961,1.33061,1.33116,2.25,1.50
2011.02.22 01:09:00.660,1.33061,1.33113,1.50,2.25
2011.02.22 01:09:00.833,1.33061,1.33113,2.25,2.25
2011.02.22 01:09:01.389,1.3306,1.33113,2.25,2.25
2011.02.22 01:09:01.609,1.33061,1.33113,2.25,3.00
2011.02.22 01:09:01.719,1.33061,1.33113,2.25,2.25
2011.02.22 01:09:02.048,1.33058,1.33113,2.25,3.00
2011.02.22 01:09:02.440,1.33057,1.33107,2.25,1.73
2011.02.22 01:09:02.552,1.33048,1.33104,2.25,1.50
2011.02.22 01:09:02.672,1.33048,1.33104,2.25,1.50
2011.02.22 01:09:03.011,1.33066,1.33105,1.50,3.94
2011.02.22 01:09:03.120,1.33051,1.33105,1.50,3.94
2011.02.22 01:09:03.231,1.33051,1.33097,3.19,1.73
2011.02.22 01:09:03.450,1.33068,1.33093,1.50,1.50
2011.02.22 01:09:03.558,1.33068,1.33103,1.50,1.50
2011.02.22 01:09:03.669,1.33065,1.33103,1.50,1.50
2011.02.22 01:09:03.999,1.33061,1.33103,1.50,1.50
2011.02.22 01:09:04.548,1.33062,1.33103,1.50,1.50
2011.02.22 01:09:06.028,1.33063,1.33103,1.50,1.50
2011.02.22 01:09:06.668,1.33064,1.33103,1.50,1.50
2011.02.22 01:09:07.359,1.33064,1.33114,1.50,1.50
2011.02.22 01:09:07.476,1.33068,1.33114,1.50,1.50
2011.02.22 01:09:07.809,1.33059,1.33115,2.25,2.25
2011.02.22 01:09:08.571,1.33058,1.33114,1.50,2.25
2011.02.22 01:09:08.799,1.33058,1.33114,2.25,4.50
2011.02.22 01:09:10.010,1.33061,1.33116,2.25,1.50
2011.02.22 01:09:11.478,1.33072,1.33123,2.25,2.25
2011.02.22 01:09:11.700,1.33086,1.33123,2.25,2.25
2011.02.22 01:09:11.919,1.33086,1.33123,2.25,1.50
2011.02.22 01:09:12.250,1.33087,1.33147,2.25,1.50
2011.02.22 01:09:12.472,1.33087,1.33108,1.50,1.69
2011.02.22 01:09:12.590,1.33076,1.33107,1.13,2.44
2011.02.22 01:09:12.701,1.33041,1.331,1.88,1.50
2011.02.22 01:09:12.809,1.33073,1.331,1.50,1.50
2011.02.22 01:09:12.922,1.33085,1.33154,1.50,3.00
2011.02.22 01:09:13.041,1.33086,1.33123,1.50,1.50
2011.02.22 01:09:13.150,1.33087,1.33123,1.50,1.50
2011.02.22 01:09:13.368,1.33085,1.33164,1.50,2.25
2011.02.22 01:09:13.699,1.33088,1.33113,1.50,1.50
2011.02.22 01:09:14.513,1.33088,1.33124,1.50,1.50
2011.02.22 01:09:14.742,1.33088,1.33123,1.50,1.50
2011.02.22 01:09:16.720,1.33078,1.33114,1.50,1.50
2011.02.22 01:09:17.490,1.3308,1.33114,2.25,1.50
2011.02.22 01:09:17.708,1.33075,1.33134,1.50,2.25
2011.02.22 01:09:20.001,1.33081,1.33114,1.50,1.50
2011.02.22 01:09:20.112,1.33081,1.33123,1.50,1.50
2011.02.22 01:09:23.472,1.33094,1.33137,2.25,1.73
2011.02.22 01:09:23.589,1.33094,1.33143,2.25,3.00
2011.02.22 01:09:23.921,1.33087,1.33134,2.25,3.19
2011.02.22 01:09:24.039,1.33087,1.33134,2.25,3.75
2011.02.22 01:09:24.261,1.33087,1.33133,2.25,1.50
2011.02.22 01:09:24.702,1.3309,1.33134,2.25,1.50
2011.02.22 01:09:24.929,1.33088,1.33134,2.25,1.50
2011.02.22 01:09:25.479,1.33087,1.33152,1.50,1.50
2011.02.22 01:09:25.809,1.33087,1.33152,1.50,1.50
2011.02.22 01:09:26.578,1.33087,1.33143,3.00,1.50
2011.02.22 01:09:28.960,1.33099,1.33131,1.50,2.25
2011.02.22 01:09:29.289,1.33103,1.33131,1.50,2.25
2011.02.22 01:09:29.619,1.33103,1.33124,1.50,1.50
2011.02.22 01:09:29.730,1.33103,1.33124,1.50,1.50
2011.02.22 01:09:30.059,1.33103,1.33124,1.50,1.50
2011.02.22 01:09:30.279,1.33104,1.33124,1.50,1.50
2011.02.22 01:09:30.611,1.33103,1.33114,1.50,1.50
2011.02.22 01:09:31.977,1.33103,1.33114,1.50,1.50
2011.02.22 01:09:32.559,1.331,1.33114,1.50,1.50
2011.02.22 01:09:35.730,1.331,1.33114,1.50,2.44
2011.02.22 01:09:36.060,1.3305,1.33103,1.13,1.50
2011.02.22 01:09:36.389,1.3306,1.33114,1.50,1.50
2011.02.22 01:09:36.500,1.33065,1.33135,2.44,2.25
2011.02.22 01:09:36.718,1.33063,1.33135,3.19,2.25
2011.02.22 01:09:37.001,1.33063,1.33135,3.00,2.25
2011.02.22 01:09:37.818,1.33077,1.33114,3.00,1.50
2011.02.22 01:09:38.089,1.33077,1.33123,3.00,1.50
2011.02.22 01:09:38.311,1.33083,1.33123,1.50,1.50
2011.02.22 01:09:40.348,1.33086,1.33133,3.00,1.50
2011.02.22 01:09:40.900,1.33086,1.33134,3.00,1.50
2011.02.22 01:09:42.109,1.33091,1.33134,2.48,1.50
2011.02.22 01:09:42.328,1.33091,1.33134,2.48,1.50
2011.02.22 01:09:48.269,1.33094,1.33144,2.25,2.25
2011.02.22 01:09:48.379,1.33094,1.33145,2.25,1.50
2011.02.22 01:09:50.483,1.33105,1.33145,2.44,1.50
2011.02.22 01:09:50.600,1.33107,1.33158,3.00,1.50
2011.02.22 01:09:50.718,1.33109,1.33155,1.50,1.50
2011.02.22 01:09:50.828,1.33107,1.33155,3.00,1.50
2011.02.22 01:09:50.941,1.33107,1.33144,1.50,1.50
2011.02.22 01:09:52.118,1.33097,1.3314,2.25,1.50
2011.02.22 01:09:52.227,1.33097,1.3314,2.25,1.50
2011.02.22 01:09:54.129,1.33097,1.3314,2.25,1.50
2011.02.22 01:09:54.350,1.33097,1.3314,2.25,1.50
2011.02.22 01:09:55.139,1.33097,1.3314,2.25,1.50
2011.02.22 01:09:55.469,1.33097,1.33138,2.25,1.50
2011.02.22 01:09:55.799,1.33087,1.33132,2.25,2.48
2011.02.22 01:09:56.518,1.33086,1.33132,2.25,2.48
2011.02.22 01:09:59.468,1.33086,1.33133,2.25,1.50
2011.02.22 01:09:59.690,1.33088,1.33133,2.25,1.50
2011.02.22 01:09:59.798,1.33094,1.3314,2.25,1.50
2011.02.22 01:09:59.908,1.33094,1.33144,2.25,3.00
2011.02.22 01:10:00.017,1.33094,1.33144,2.25,2.25
2011.02.22 01:10:03.608,1.33089,1.33144,2.25,2.25
2011.02.22 01:10:05.697,1.33094,1.33144,2.25,2.25
2011.02.22 01:10:08.179,1.33094,1.33109,1.50,1.50
2011.02.22 01:10:08.288,1.33078,1.33106,3.98,1.69
2011.02.22 01:10:08.398,1.33078,1.33104,1.73,1.13
2011.02.22 01:10:08.728,1.33092,1.33134,1.50,1.50
2011.02.22 01:10:08.837,1.33092,1.33147,1.50,1.50
2011.02.22 01:10:08.948,1.33092,1.33153,2.25,1.50
2011.02.22 01:10:12.578,1.33097,1.33143,2.25,1.50
2011.02.22 01:10:12.688,1.33097,1.33147,2.25,1.50
2011.02.22 01:10:16.240,1.33096,1.33148,2.25,1.50
2011.02.22 01:10:16.567,1.3309,1.33143,2.44,2.25
2011.02.22 01:10:17.909,1.3309,1.33133,2.44,2.25
2011.02.22 01:10:18.022,1.33081,1.33116,3.00,1.69
2011.02.22 01:10:18.138,1.33066,1.33116,2.25,1.69
2011.02.22 01:10:18.581,1.33056,1.33114,1.50,1.69
2011.02.22 01:10:20.442,1.3305,1.33103,1.50,1.50
2011.02.22 01:10:20.561,1.33056,1.33113,1.50,1.69
2011.02.22 01:10:20.897,1.33056,1.33113,2.25,1.69
2011.02.22 01:10:21.304,1.33056,1.33114,2.25,2.25
2011.02.22 01:10:21.748,1.33056,1.33113,2.25,1.69
2011.02.22 01:10:23.678,1.33056,1.33118,2.25,1.69
2011.02.22 01:10:25.798,1.33059,1.33114,2.25,1.69
2011.02.22 01:10:27.398,1.33059,1.33114,2.25,1.50
2011.02.22 01:10:27.728,1.33065,1.33114,1.50,1.50
2011.02.22 01:10:28.211,1.33069,1.33114,2.25,1.50
2011.02.22 01:10:28.770,1.3307,1.33114,2.25,1.50
2011.02.22 01:10:28.990,1.3307,1.33123,2.25,1.50
2011.02.22 01:10:29.098,1.33069,1.33113,1.50,1.50
2011.02.22 01:10:29.649,1.33069,1.33123,1.50,1.50
2011.02.22 01:10:29.761,1.33069,1.33123,1.50,1.50
2011.02.22 01:10:29.987,1.33069,1.33123,1.50,1.50
2011.02.22 01:10:30.538,1.33076,1.3313,2.25,1.69
2011.02.22 01:10:32.838,1.33076,1.3313,2.25,1.69
2011.02.22 01:10:33.060,1.33099,1.33134,2.25,2.25
2011.02.22 01:10:33.278,1.33099,1.33132,1.50,1.50
2011.02.22 01:10:33.608,1.33103,1.33129,1.50,1.50
2011.02.22 01:10:33.982,1.33094,1.33134,2.25,2.25
2011.02.22 01:10:34.539,1.3309,1.33134,3.00,2.25
2011.02.22 01:10:37.008,1.33094,1.33134,1.50,1.50
2011.02.22 01:10:38.240,1.33094,1.33123,1.50,1.50
2011.02.22 01:10:40.180,1.33094,1.33134,1.50,1.50
2011.02.22 01:10:40.803,1.33094,1.33133,1.50,1.50
2011.02.22 01:10:41.469,1.33094,1.33133,1.50,1.50
2011.02.22 01:10:42.818,1.33088,1.33133,1.50,1.50
2011.02.22 01:10:44.295,1.33083,1.33133,1.50,1.50
2011.02.22 01:10:45.678,1.33083,1.33133,1.50,1.50
2011.02.22 01:10:46.007,1.33077,1.33133,1.50,1.50
2011.02.22 01:10:46.407,1.33077,1.33123,1.50,1.50
2011.02.22 01:10:46.658,1.33077,1.33123,1.50,1.50
2011.02.22 01:10:49.904,1.33077,1.33123,1.50,1.50
2011.02.22 01:10:50.167,1.33077,1.33123,1.50,1.50
2011.02.22 01:10:51.000,1.33089,1.33134,1.69,1.73
2011.02.22 01:10:51.108,1.33089,1.33136,1.69,1.50
2011.02.22 01:10:51.223,1.33089,1.33144,1.69,2.25
2011.02.22 01:10:51.339,1.33087,1.33143,2.25,1.69
2011.02.22 01:10:51.789,1.33087,1.33143,3.00,2.25
2011.02.22 01:10:54.071,1.33098,1.33143,2.25,2.25
2011.02.22 01:10:54.628,1.33103,1.33143,1.50,2.25
2011.02.22 01:10:55.069,1.33105,1.33143,1.50,2.25
2011.02.22 01:10:55.400,1.33108,1.33143,1.50,2.25
2011.02.22 01:10:58.677,1.33108,1.33143,1.50,2.25
2011.02.22 01:10:59.120,1.33113,1.33154,1.50,2.25
2011.02.22 01:10:59.448,1.33115,1.33154,1.50,2.25
2011.02.22 01:10:59.778,1.33118,1.33153,1.50,2.25
2011.02.22 01:11:00.348,1.33117,1.33153,1.50,2.25
2011.02.22 01:11:00.677,1.3312,1.33153,1.50,2.25
2011.02.22 01:11:02.196,1.33117,1.33154,1.50,2.25
2011.02.22 01:11:03.348,1.33115,1.33154,1.50,2.25
2011.02.22 01:11:04.330,1.33115,1.33143,1.50,1.50
2011.02.22 01:11:04.439,1.33104,1.33143,2.25,1.50
2011.02.22 01:11:04.548,1.33104,1.33134,2.25,1.50
2011.02.22 01:11:05.539,1.33096,1.33134,2.25,1.50
2011.02.22 01:11:06.653,1.33097,1.33134,2.25,1.50
2011.02.22 01:11:08.969,1.33104,1.33134,1.50,1.50
2011.02.22 01:11:09.079,1.33104,1.33144,1.50,2.25
2011.02.22 01:11:09.188,1.33107,1.33144,1.50,2.25
2011.02.22 01:11:09.739,1.33121,1.33144,1.50,2.25
2011.02.22 01:11:10.074,1.33121,1.33154,1.50,2.25
2011.02.22 01:11:12.779,1.33118,1.33153,1.50,2.25
2011.02.22 01:11:12.998,1.33118,1.33143,1.50,2.25
2011.02.22 01:11:13.416,1.3312,1.33154,1.50,2.25
2011.02.22 01:11:14.049,1.3312,1.33154,1.50,2.25
2011.02.22 01:11:16.080,1.33118,1.33164,1.50,2.25
2011.02.22 01:11:16.188,1.33118,1.33164,1.50,2.25
2011.02.22 01:11:16.297,1.33111,1.33164,1.50,2.25
2011.02.22 01:11:18.149,1.33106,1.33153,2.25,2.25
2011.02.22 01:11:18.683,1.33097,1.33143,2.25,1.50
2011.02.22 01:11:18.801,1.33097,1.33143,2.25,1.50
2011.02.22 01:11:23.318,1.331,1.33154,2.25,2.25
2011.02.22 01:11:23.649,1.33095,1.33151,2.25,1.50
2011.02.22 01:11:23.978,1.33095,1.33143,2.25,1.50
2011.02.22 01:11:24.200,1.33095,1.33143,2.25,1.50
2011.02.22 01:11:24.655,1.33098,1.33154,2.25,2.25
2011.02.22 01:11:24.769,1.331,1.33154,2.25,2.25
2011.02.22 01:11:31.239,1.33107,1.33159,1.50,1.50
2011.02.22 01:11:31.569,1.33107,1.33159,2.25,1.50
2011.02.22 01:11:33.489,1.33104,1.33154,1.50,2.25
2011.02.22 01:11:33.707,1.33106,1.33159,1.50,1.50
2011.02.22 01:11:34.370,1.33107,1.33159,1.50,1.50
2011.02.22 01:11:34.480,1.33106,1.33159,2.25,1.50
2011.02.22 01:11:35.401,1.33101,1.33153,1.50,2.25
2011.02.22 01:11:35.631,1.33106,1.33163,3.00,1.50
2011.02.22 01:11:35.971,1.331,1.33151,2.25,2.25
2011.02.22 01:11:36.089,1.331,1.33149,2.25,1.50
2011.02.22 01:11:36.418,1.33086,1.33144,3.94,1.50
2011.02.22 01:11:37.187,1.33089,1.33144,2.25,1.50
2011.02.22 01:11:37.517,1.33092,1.33144,2.25,1.50
2011.02.22 01:11:37.847,1.33097,1.33151,2.25,2.25
2011.02.22 01:11:41.521,1.33092,1.33144,2.25,1.50
2011.02.22 01:11:41.644,1.33089,1.33144,2.25,2.25
2011.02.22 01:11:41.762,1.33089,1.33144,2.25,1.50
2011.02.22 01:11:45.972,1.3309,1.33144,2.25,2.44
2011.02.22 01:11:46.310,1.33089,1.33144,2.25,2.44
2011.02.22 01:11:46.529,1.33089,1.33144,2.25,2.44
2011.02.22 01:11:46.639,1.33089,1.33144,2.25,2.44
2011.02.22 01:11:46.968,1.33086,1.33134,2.25,1.50
2011.02.22 01:11:51.678,1.33082,1.33134,2.44,1.50
2011.02.22 01:11:51.898,1.33083,1.33134,2.44,1.50
2011.02.22 01:11:52.228,1.33087,1.33143,2.25,3.00
2011.02.22 01:11:52.337,1.33087,1.33143,2.25,3.00
2011.02.22 01:11:57.688,1.33087,1.33143,2.25,3.00
2011.02.22 01:11:58.018,1.33088,1.33143,2.25,3.00
2011.02.22 01:11:58.575,1.33088,1.33143,2.25,3.00
2011.02.22 01:12:00.389,1.33079,1.33143,2.44,3.00
2011.02.22 01:12:00.499,1.33079,1.33137,2.44,1.50
2011.02.22 01:12:02.858,1.33078,1.33134,1.69,2.25
2011.02.22 01:12:03.519,1.33076,1.33134,2.25,2.25
2011.02.22 01:12:03.628,1.33076,1.33132,2.25,1.50
2011.02.22 01:12:03.958,1.33076,1.33132,2.25,1.50
2011.02.22 01:12:05.750,1.33076,1.33137,2.25,1.50
2011.02.22 01:12:06.078,1.33076,1.33133,2.25,1.50
2011.02.22 01:12:06.299,1.33067,1.33123,3.00,1.50
2011.02.22 01:12:06.517,1.33067,1.33123,3.00,1.50
2011.02.22 01:12:06.772,1.33068,1.33134,3.00,2.25
2011.02.22 01:12:06.895,1.3307,1.33123,1.50,1.50
2011.02.22 01:12:07.008,1.33074,1.33123,1.50,1.50
2011.02.22 01:12:07.429,1.33077,1.33123,1.50,1.50
2011.02.22 01:12:07.777,1.33077,1.33131,2.25,2.25
2011.02.22 01:12:08.108,1.33075,1.33134,2.25,1.50
2011.02.22 01:12:08.331,1.33076,1.33134,2.25,1.50
2011.02.22 01:12:08.788,1.33087,1.33132,2.25,1.50
2011.02.22 01:12:09.689,1.33087,1.33133,2.25,1.50
2011.02.22 01:12:12.980,1.33087,1.33132,1.50,1.50
2011.02.22 01:12:13.199,1.33087,1.33141,2.25,1.50
2011.02.22 01:12:13.529,1.33096,1.33141,2.25,1.50
2011.02.22 01:12:16.171,1.33096,1.33141,2.25,1.50
2011.02.22 01:12:16.291,1.33096,1.33144,2.25,1.50
2011.02.22 01:12:18.418,1.33096,1.3315,2.25,1.50
2011.02.22 01:12:20.128,1.33096,1.3315,2.25,1.50
2011.02.22 01:12:30.927,1.33096,1.33153,2.25,1.50
2011.02.22 01:12:33.399,1.33098,1.33153,2.25,3.00
2011.02.22 01:12:34.230,1.331,1.33153,2.25,1.50
2011.02.22 01:12:34.900,1.331,1.33154,2.25,1.50
2011.02.22 01:12:39.480,1.33096,1.33156,3.75,1.50
2011.02.22 01:12:39.699,1.33096,1.33157,3.75,2.48
2011.02.22 01:12:40.028,1.33097,1.33153,2.25,1.50
2011.02.22 01:12:40.358,1.331,1.33153,2.25,1.50
2011.02.22 01:12:40.467,1.331,1.33153,2.25,1.50
2011.02.22 01:12:42.478,1.331,1.33153,2.25,2.25
2011.02.22 01:12:42.698,1.33097,1.33153,3.75,1.50
2011.02.22 01:12:43.039,1.33107,1.33153,2.25,1.50
2011.02.22 01:12:44.178,1.33107,1.33153,2.25,1.50
2011.02.22 01:12:44.513,1.33114,1.33153,2.25,1.50
2011.02.22 01:12:45.738,1.33108,1.33153,2.25,1.50
2011.02.22 01:12:45.847,1.33108,1.33153,2.25,1.50
2011.02.22 01:12:47.750,1.33097,1.33154,1.50,3.00
2011.02.22 01:12:47.858,1.33095,1.33154,3.00,3.19
2011.02.22 01:12:48.192,1.33088,1.33139,2.25,1.73
2011.02.22 01:12:48.529,1.33088,1.33134,2.25,1.50
2011.02.22 01:12:49.190,1.3312,1.33148,1.69,1.50
2011.02.22 01:12:49.300,1.33127,1.33146,2.25,1.50
2011.02.22 01:12:49.544,1.33127,1.3318,2.25,1.50
2011.02.22 01:12:49.664,1.33126,1.3318,1.50,1.50
2011.02.22 01:12:49.779,1.33126,1.3318,1.50,1.50
2011.02.22 01:12:49.887,1.33126,1.33182,1.50,1.50
2011.02.22 01:12:50.112,1.33126,1.3318,1.50,1.50
2011.02.22 01:12:50.781,1.33147,1.3318,1.50,1.50
2011.02.22 01:12:51.229,1.33147,1.3318,1.50,1.50
2011.02.22 01:12:52.649,1.33136,1.3318,1.50,1.50
2011.02.22 01:12:53.198,1.33137,1.3318,1.50,1.50
2011.02.22 01:12:54.299,1.33137,1.3318,1.50,1.50
2011.02.22 01:12:54.628,1.33137,1.33177,1.50,1.50
2011.02.22 01:13:02.118,1.33126,1.33184,2.25,2.25
2011.02.22 01:13:07.028,1.33126,1.3318,1.50,1.50
2011.02.22 01:13:07.360,1.33116,1.33174,3.00,1.50
2011.02.22 01:13:09.907,1.33116,1.33165,2.25,1.50
2011.02.22 01:13:11.768,1.33116,1.33163,1.50,1.50
2011.02.22 01:13:12.098,1.33116,1.33161,2.25,1.50
2011.02.22 01:13:14.607,1.33116,1.33162,2.25,1.50
2011.02.22 01:13:23.668,1.33107,1.33161,2.25,1.50
2011.02.22 01:13:23.780,1.33107,1.33161,2.25,2.25
2011.02.22 01:13:24.108,1.33098,1.33152,3.00,1.50
2011.02.22 01:13:24.440,1.3311,1.33161,2.25,1.50
2011.02.22 01:13:24.992,1.33117,1.33163,2.25,1.50
2011.02.22 01:13:25.219,1.33117,1.33163,2.25,1.50
2011.02.22 01:13:25.616,1.33117,1.33161,2.25,1.50
2011.02.22 01:13:26.280,1.33117,1.33161,2.25,1.50
2011.02.22 01:13:27.229,1.33106,1.33155,2.25,1.50
2011.02.22 01:13:27.778,1.33109,1.33154,2.25,1.50
2011.02.22 01:13:28.328,1.33109,1.33159,2.25,1.50
2011.02.22 01:13:29.548,1.33122,1.33159,1.69,1.50
2011.02.22 01:13:29.660,1.33127,1.33168,3.00,1.50
2011.02.22 01:13:29.769,1.33127,1.33168,3.00,2.25
2011.02.22 01:13:30.209,1.33127,1.33175,3.75,1.50
2011.02.22 01:13:30.319,1.33127,1.33184,2.25,1.50
2011.02.22 01:13:30.428,1.33128,1.33184,3.00,1.50
2011.02.22 01:13:30.910,1.33128,1.33185,2.25,1.50
2011.02.22 01:13:31.034,1.33126,1.33169,1.50,1.50
2011.02.22 01:13:31.588,1.33127,1.33169,1.50,2.25
2011.02.22 01:13:31.920,1.33127,1.33166,2.25,1.50
2011.02.22 01:13:32.467,1.33127,1.33159,2.25,1.50
2011.02.22 01:13:33.059,1.33126,1.3317,4.50,1.50
2011.02.22 01:13:33.170,1.33126,1.33178,3.75,1.50
2011.02.22 01:13:33.280,1.33128,1.33178,2.25,3.23
2011.02.22 01:13:33.389,1.33126,1.33169,1.50,2.25
2011.02.22 01:13:33.499,1.33126,1.33165,1.50,1.50
2011.02.22 01:13:34.048,1.33127,1.33164,1.50,1.50
2011.02.22 01:13:34.158,1.33127,1.33159,1.50,1.50
2011.02.22 01:13:36.920,1.33127,1.33151,2.25,1.50
2011.02.22 01:13:37.829,1.33127,1.33151,2.25,1.50
2011.02.22 01:13:38.052,1.33117,1.33151,2.25,1.50
2011.02.22 01:13:38.388,1.33117,1.33156,2.25,1.50
2011.02.22 01:13:38.608,1.33117,1.33156,2.25,1.50
2011.02.22 01:13:42.017,1.33107,1.33156,2.25,1.50
2011.02.22 01:14:02.448,1.33106,1.33158,2.25,2.25
2011.02.22 01:14:02.557,1.33106,1.33158,2.25,1.50
2011.02.22 01:14:08.577,1.33106,1.33157,2.25,1.50
2011.02.22 01:14:09.648,1.33106,1.33158,2.25,1.50
2011.02.22 01:14:10.763,1.33106,1.33158,2.25,1.50
2011.02.22 01:14:11.569,1.33116,1.33164,2.25,1.50
2011.02.22 01:14:11.677,1.33116,1.33158,2.25,1.50
2011.02.22 01:14:12.009,1.33107,1.33156,2.25,1.50
2011.02.22 01:14:12.339,1.33107,1.33158,2.25,1.50
2011.02.22 01:14:12.557,1.33117,1.33159,2.25,1.50
2011.02.22 01:14:13.969,1.33117,1.33159,2.25,1.50
2011.02.22 01:14:14.188,1.33107,1.33161,2.25,1.50
2011.02.22 01:14:14.702,1.33107,1.33159,2.25,1.50
2011.02.22 01:14:18.759,1.33107,1.33161,2.25,1.50
2011.02.22 01:14:20.237,1.33107,1.33159,2.25,1.50
2011.02.22 01:14:23.929,1.33107,1.33161,2.25,1.50
2011.02.22 01:14:24.257,1.33107,1.33163,2.25,3.00
2011.02.22 01:14:24.587,1.33107,1.33163,2.25,3.00
2011.02.22 01:14:30.468,1.33111,1.33163,1.50,1.50
2011.02.22 01:14:30.798,1.33116,1.3317,2.25,2.25
2011.02.22 01:14:32.099,1.33117,1.33174,1.50,2.25
2011.02.22 01:14:32.429,1.33123,1.33183,2.67,1.50
2011.02.22 01:14:32.760,1.33136,1.33182,1.50,2.25
2011.02.22 01:14:32.870,1.33136,1.33182,1.50,2.25
2011.02.22 01:14:32.979,1.33127,1.33182,3.00,2.25
2011.02.22 01:14:33.307,1.33127,1.33179,3.00,2.25
2011.02.22 01:14:35.129,1.33127,1.3318,3.00,2.25
2011.02.22 01:14:35.577,1.33137,1.33182,1.50,2.25
2011.02.22 01:14:36.328,1.33127,1.33181,3.00,2.25
2011.02.22 01:14:36.438,1.33127,1.33178,3.00,2.25
2011.02.22 01:14:36.768,1.33127,1.33179,3.00,2.25
2011.02.22 01:14:36.879,1.33137,1.33179,1.50,2.25
2011.02.22 01:14:37.210,1.33147,1.33182,1.50,2.25
2011.02.22 01:14:40.678,1.33147,1.33186,1.50,2.25
2011.02.22 01:14:40.900,1.33137,1.33184,1.50,2.25
2011.02.22 01:14:41.230,1.33132,1.33184,1.50,2.25
2011.02.22 01:14:41.340,1.33132,1.33184,2.44,2.25
2011.02.22 01:14:41.667,1.33139,1.33184,2.25,2.25
2011.02.22 01:14:43.667,1.33137,1.33193,4.13,2.25
2011.02.22 01:14:46.228,1.33139,1.33193,1.50,2.25
2011.02.22 01:14:46.451,1.33141,1.33193,2.25,2.25
2011.02.22 01:14:46.778,1.33139,1.33193,2.63,2.25
2011.02.22 01:14:47.472,1.33139,1.33193,2.25,2.25
2011.02.22 01:14:50.828,1.3314,1.33193,3.00,2.25
2011.02.22 01:14:50.938,1.3314,1.33193,2.25,2.25
2011.02.22 01:14:53.790,1.33147,1.33203,2.25,2.25
2011.02.22 01:14:53.900,1.33148,1.33203,2.25,2.25
2011.02.22 01:14:54.227,1.33148,1.33203,2.25,2.25
2011.02.22 01:14:54.800,1.33148,1.33203,2.25,2.25
2011.02.22 01:14:55.030,1.33148,1.33203,2.25,2.25
2011.02.22 01:14:57.439,1.3315,1.33203,2.25,2.25
2011.02.22 01:14:57.769,1.33156,1.33203,2.25,2.25
2011.02.22 01:14:58.098,1.33152,1.33203,2.63,1.50
2011.02.22 01:15:00.979,1.33159,1.33222,2.25,2.25
2011.02.22 01:15:01.199,1.33159,1.33222,2.25,2.25
2011.02.22 01:15:01.418,1.33167,1.33222,1.50,2.25
2011.02.22 01:15:01.747,1.33167,1.33222,1.50,2.25
2011.02.22 01:15:02.078,1.33167,1.33223,2.25,2.25
2011.02.22 01:15:02.451,1.33167,1.3322,2.44,2.25
2011.02.22 01:15:02.568,1.33167,1.3322,1.69,2.25
2011.02.22 01:15:02.794,1.33167,1.3322,1.69,2.25
2011.02.22 01:15:03.018,1.33167,1.33222,1.69,2.25
2011.02.22 01:15:03.348,1.33177,1.33228,1.50,1.50
2011.02.22 01:15:04.059,1.33177,1.33234,1.50,1.50
2011.02.22 01:15:04.169,1.33177,1.33234,2.25,1.50
2011.02.22 01:15:04.280,1.33183,1.33235,1.69,2.25
2011.02.22 01:15:04.390,1.33189,1.33243,2.44,1.50
2011.02.22 01:15:04.718,1.33188,1.33239,1.73,2.25
2011.02.22 01:15:05.320,1.33187,1.33239,1.50,2.25
2011.02.22 01:15:06.870,1.33187,1.33236,1.50,2.25
2011.02.22 01:15:08.272,1.33176,1.33225,1.50,2.25
2011.02.22 01:15:08.389,1.33176,1.33225,1.50,2.25
2011.02.22 01:15:08.719,1.33176,1.33223,1.50,2.25
2011.02.22 01:15:09.771,1.33176,1.33224,1.50,2.25
2011.02.22 01:15:13.578,1.33176,1.33234,1.58,2.25
2011.02.22 01:15:14.108,1.33176,1.33234,1.50,2.25
2011.02.22 01:15:14.439,1.33182,1.33242,1.50,2.25
2011.02.22 01:15:14.767,1.33186,1.33242,1.50,2.25
2011.02.22 01:15:15.241,1.33186,1.33242,1.50,2.25
2011.02.22 01:15:15.349,1.33189,1.33243,1.50,1.50
2011.02.22 01:15:15.679,1.33197,1.33252,1.50,3.00
2011.02.22 01:15:17.259,1.33197,1.3325,1.50,2.25
2011.02.22 01:15:17.481,1.33194,1.33245,3.00,1.69
2011.02.22 01:15:17.700,1.33187,1.33234,1.50,2.25
2011.02.22 01:15:17.808,1.33196,1.33234,1.50,2.25
2011.02.22 01:15:18.138,1.33187,1.33238,1.50,3.00
2011.02.22 01:15:20.259,1.33186,1.33238,1.50,1.50
2011.02.22 01:15:20.589,1.33186,1.33238,1.50,1.50
2011.02.22 01:15:25.767,1.33186,1.33238,1.50,1.50
2011.02.22 01:15:26.767,1.33186,1.33238,1.50,1.50
2011.02.22 01:15:27.540,1.33186,1.33238,1.50,1.50
2011.02.22 01:15:27.648,1.33186,1.33238,3.42,1.50
2011.02.22 01:15:28.030,1.33196,1.33238,1.50,1.50
2011.02.22 01:15:28.600,1.33196,1.33238,1.50,1.50
2011.02.22 01:15:28.941,1.33206,1.33248,1.50,1.50
2011.02.22 01:15:29.061,1.33197,1.33248,1.50,1.50
2011.02.22 01:15:29.181,1.33197,1.33247,1.50,2.25
2011.02.22 01:15:31.419,1.33197,1.33244,1.50,1.50
2011.02.22 01:15:31.529,1.33186,1.3324,3.00,3.19
2011.02.22 01:15:31.753,1.33186,1.33233,1.50,2.25
2011.02.22 01:15:32.088,1.33187,1.33238,1.50,2.44
2011.02.22 01:15:32.642,1.33187,1.33234,1.50,1.50
2011.02.22 01:15:36.038,1.33177,1.33231,1.50,2.25
2011.02.22 01:15:36.150,1.33177,1.33231,1.50,2.25
2011.02.22 01:15:36.368,1.33166,1.33224,3.00,2.25
2011.02.22 01:15:36.478,1.33166,1.33224,2.25,2.25
2011.02.22 01:15:38.098,1.33166,1.33221,1.50,1.69
2011.02.22 01:15:38.272,1.33166,1.33221,1.50,1.69
2011.02.22 01:15:38.941,1.33166,1.33221,1.50,1.69
2011.02.22 01:15:39.281,1.33166,1.33218,1.50,1.69
2011.02.22 01:15:39.390,1.33166,1.33218,1.50,1.77
2011.02.22 01:15:39.660,1.33156,1.33214,1.50,2.44
2011.02.22 01:15:41.849,1.33156,1.33209,2.25,2.25
2011.02.22 01:15:43.729,1.33156,1.33208,2.25,2.25
2011.02.22 01:15:44.398,1.33156,1.33208,1.50,2.25
2011.02.22 01:15:44.950,1.33146,1.33206,2.25,3.19
2011.02.22 01:15:45.071,1.3316,1.33208,2.25,1.50
2011.02.22 01:15:45.191,1.33156,1.33216,6.00,1.50
2011.02.22 01:15:45.310,1.33156,1.33216,3.75,3.00
2011.02.22 01:15:45.528,1.33156,1.33212,2.25,2.25
2011.02.22 01:15:45.857,1.33167,1.33212,1.50,2.25
2011.02.22 01:15:47.259,1.33167,1.33211,1.50,2.25
2011.02.22 01:15:47.368,1.33167,1.33213,1.50,2.25
2011.02.22 01:15:47.988,1.33158,1.33213,1.50,2.25
2011.02.22 01:15:48.097,1.33158,1.33216,1.50,1.50
2011.02.22 01:15:50.568,1.33158,1.33216,4.80,1.50
2011.02.22 01:15:50.678,1.33157,1.33216,3.83,1.50
2011.02.22 01:15:51.009,1.33157,1.33216,3.00,3.00
2011.02.22 01:15:51.370,1.33157,1.33213,2.25,2.44
2011.02.22 01:15:51.609,1.33167,1.33213,1.50,2.44
2011.02.22 01:15:52.470,1.33167,1.33205,1.50,1.69
2011.02.22 01:15:52.578,1.33157,1.33205,2.25,1.69
2011.02.22 01:15:52.800,1.33148,1.33201,1.50,1.69
2011.02.22 01:15:53.628,1.33148,1.33203,1.50,2.25
2011.02.22 01:15:53.959,1.33148,1.33203,1.50,1.50
2011.02.22 01:15:55.058,1.33155,1.33212,2.25,3.19
2011.02.22 01:15:55.169,1.33155,1.33212,2.25,2.44
2011.02.22 01:15:57.999,1.3316,1.33214,1.50,1.69
2011.02.22 01:15:58.109,1.33163,1.33214,2.25,1.50
2011.02.22 01:15:58.329,1.33171,1.33214,1.50,1.50
2011.02.22 01:15:58.660,1.33172,1.33227,2.25,1.69
2011.02.22 01:15:58.879,1.33166,1.33227,2.25,1.69
2011.02.22 01:15:59.099,1.33166,1.3322,1.50,2.25
2011.02.22 01:15:59.653,1.33167,1.3322,1.50,2.25
2011.02.22 01:16:03.039,1.33167,1.3322,1.50,1.58
2011.02.22 01:16:03.149,1.33161,1.33214,1.50,2.25
2011.02.22 01:16:04.029,1.33156,1.33214,3.75,2.25
2011.02.22 01:16:04.357,1.33167,1.33223,1.50,2.44
2011.02.22 01:16:06.030,1.33167,1.33223,1.50,2.25
2011.02.22 01:16:06.140,1.33172,1.33223,2.25,2.25
2011.02.22 01:16:06.248,1.33172,1.33223,2.25,2.25
2011.02.22 01:16:07.502,1.33172,1.3323,2.25,1.69
2011.02.22 01:16:07.732,1.33166,1.33223,2.25,1.50
2011.02.22 01:16:07.961,1.33167,1.33223,2.25,3.75
2011.02.22 01:16:08.189,1.33167,1.33223,1.50,2.25
2011.02.22 01:16:08.410,1.33167,1.33224,1.50,1.50
2011.02.22 01:16:08.801,1.33161,1.33224,2.25,2.25
2011.02.22 01:16:08.908,1.33161,1.33224,2.25,2.25
2011.02.22 01:16:09.459,1.33167,1.33223,1.50,2.25
2011.02.22 01:16:09.789,1.33167,1.33223,1.50,2.25
2011.02.22 01:16:09.900,1.33167,1.3322,1.50,2.25
2011.02.22 01:16:10.228,1.33159,1.33213,2.25,2.25
2011.02.22 01:16:10.780,1.3316,1.33213,2.25,2.25
2011.02.22 01:16:10.889,1.3316,1.33213,1.50,2.25
2011.02.22 01:16:10.998,1.33162,1.33213,1.50,2.25
2011.02.22 01:16:11.329,1.33165,1.33224,2.25,2.25
2011.02.22 01:16:11.661,1.33176,1.33224,1.69,2.25
2011.02.22 01:16:11.881,1.33176,1.33224,2.25,1.50
2011.02.22 01:16:11.999,1.33188,1.33224,1.69,1.50
2011.02.22 01:16:12.112,1.33192,1.33238,3.19,2.48
2011.02.22 01:16:12.486,1.33206,1.33263,1.50,2.25
2011.02.22 01:16:12.613,1.3321,1.33264,1.50,2.25
2011.02.22 01:16:13.170,1.33209,1.33264,1.50,2.25
2011.02.22 01:16:13.856,1.33209,1.33262,1.50,2.48
2011.02.22 01:16:14.302,1.33206,1.33262,2.25,2.48
2011.02.22 01:16:14.863,1.33206,1.3326,1.50,1.50
2011.02.22 01:16:17.439,1.33206,1.33258,1.50,1.50
2011.02.22 01:16:17.769,1.33206,1.33256,1.50,2.25
2011.02.22 01:16:19.039,1.33206,1.33254,1.50,1.69
2011.02.22 01:16:19.262,1.33206,1.33253,1.50,2.48
2011.02.22 01:16:19.380,1.33206,1.33255,1.50,2.25
2011.02.22 01:16:19.710,1.33206,1.33252,1.50,2.25
2011.02.22 01:16:21.429,1.33206,1.33252,1.50,2.25
2011.02.22 01:16:21.759,1.33206,1.33255,1.50,2.25
2011.02.22 01:16:22.801,1.33206,1.3326,1.69,2.25
2011.02.22 01:16:23.138,1.33209,1.33264,1.50,2.25
2011.02.22 01:16:23.468,1.33211,1.33264,1.50,2.25
2011.02.22 01:16:23.840,1.33216,1.33273,1.50,1.50
2011.02.22 01:16:24.174,1.33201,1.33261,1.50,2.48
2011.02.22 01:16:24.400,1.33196,1.33244,1.50,2.25
2011.02.22 01:16:24.510,1.33198,1.33244,1.50,2.25
2011.02.22 01:16:24.729,1.33198,1.33253,1.50,2.25
2011.02.22 01:16:25.060,1.33208,1.33262,1.50,1.50
2011.02.22 01:16:25.388,1.33216,1.33266,1.50,1.50
2011.02.22 01:16:26.508,1.33207,1.33266,1.50,1.50
2011.02.22 01:16:26.729,1.33211,1.33265,2.25,1.50
2011.02.22 01:16:26.949,1.33227,1.33264,1.50,1.50
2011.02.22 01:16:27.280,1.33216,1.33267,1.50,1.50
2011.02.22 01:16:29.131,1.33216,1.33263,1.50,1.69
2011.02.22 01:16:29.248,1.33206,1.33263,1.50,1.69
2011.02.22 01:16:29.821,1.33206,1.33259,1.50,2.25
2011.02.22 01:16:30.259,1.33197,1.3326,2.25,2.25
2011.02.22 01:16:30.371,1.33197,1.33256,1.50,2.25
2011.02.22 01:16:30.489,1.33212,1.33254,1.69,2.25
2011.02.22 01:16:30.599,1.33212,1.33254,3.19,2.25
2011.02.22 01:16:30.710,1.33225,1.33278,1.50,1.50
2011.02.22 01:16:30.819,1.33226,1.33278,1.50,1.50
2011.02.22 01:16:30.928,1.33226,1.33278,1.50,1.50
2011.02.22 01:16:31.260,1.33219,1.33274,1.50,2.67
2011.02.22 01:16:31.478,1.33217,1.33273,1.50,2.25
2011.02.22 01:16:33.038,1.33217,1.33273,1.50,2.25
2011.02.22 01:16:34.179,1.33217,1.33273,1.50,2.25
2011.02.22 01:16:34.508,1.33217,1.33273,1.50,4.73
2011.02.22 01:16:38.228,1.33217,1.33273,1.50,4.73
2011.02.22 01:16:38.449,1.33217,1.33268,1.50,1.50
2011.02.22 01:16:39.282,1.33206,1.33264,1.50,2.25
2011.02.22 01:16:40.670,1.33206,1.33254,1.50,1.50
2011.02.22 01:16:40.782,1.33196,1.33254,2.33,1.50
2011.02.22 01:16:40.901,1.33196,1.33247,2.25,1.73
2011.02.22 01:16:41.131,1.33193,1.33253,1.50,2.44
2011.02.22 01:16:41.360,1.33197,1.33253,1.50,2.44
2011.02.22 01:16:42.570,1.33186,1.33249,2.25,2.25
2011.02.22 01:16:43.060,1.33207,1.33254,3.00,2.25
2011.02.22 01:16:43.400,1.33207,1.33263,3.00,2.25
2011.02.22 01:16:43.770,1.33207,1.33263,3.75,2.25
2011.02.22 01:16:44.210,1.3321,1.33263,1.50,2.25
2011.02.22 01:16:44.430,1.33213,1.33263,2.44,1.50
2011.02.22 01:16:44.542,1.33234,1.33276,2.44,1.50
2011.02.22 01:16:44.659,1.33238,1.33276,1.73,1.50
2011.02.22 01:16:44.989,1.33247,1.3329,1.50,1.50
2011.02.22 01:16:45.319,1.33257,1.3329,1.50,1.50
2011.02.22 01:16:45.761,1.33257,1.33292,1.50,2.44
2011.02.22 01:16:45.870,1.33236,1.33292,1.50,3.94
2011.02.22 01:16:46.200,1.33236,1.33292,1.50,2.44
2011.02.22 01:16:48.024,1.3325,1.33281,1.50,1.50
2011.02.22 01:16:48.471,1.33245,1.33286,1.73,1.50
2011.02.22 01:16:48.589,1.33241,1.33286,1.50,1.50
2011.02.22 01:16:48.699,1.33256,1.33286,1.50,1.50
2011.02.22 01:16:49.252,1.33257,1.33283,1.50,1.50
2011.02.22 01:16:49.589,1.33237,1.3328,1.50,1.50
2011.02.22 01:16:50.737,1.33226,1.33265,1.50,1.50
2011.02.22 01:16:51.509,1.33236,1.33265,1.50,1.50
2011.02.22 01:16:52.061,1.33236,1.33264,1.50,1.50
2011.02.22 01:16:52.283,1.33227,1.33258,1.50,1.50
2011.02.22 01:16:54.262,1.33227,1.33264,1.50,1.50
2011.02.22 01:16:57.122,1.33227,1.33269,1.50,1.50
2011.02.22 01:16:57.349,1.33216,1.33269,1.50,1.69
2011.02.22 01:16:57.789,1.33216,1.33267,1.50,2.44
2011.02.22 01:16:57.899,1.33216,1.33267,1.50,2.44
2011.02.22 01:16:59.262,1.33217,1.33261,1.50,1.50
2011.02.22 01:16:59.379,1.33217,1.33264,1.50,1.69
2011.02.22 01:16:59.491,1.33217,1.33261,1.50,1.50
2011.02.22 01:16:59.791,1.33217,1.33261,1.50,1.50
2011.02.22 01:17:00.938,1.33217,1.33264,1.50,1.69
2011.02.22 01:17:01.961,1.33217,1.33271,2.44,2.25
2011.02.22 01:17:02.181,1.33222,1.33273,1.69,1.50
2011.02.22 01:17:02.402,1.33227,1.33264,1.50,1.50
2011.02.22 01:17:02.521,1.33216,1.33264,1.50,1.50
2011.02.22 01:17:02.641,1.33216,1.33264,1.50,1.50
2011.02.22 01:17:03.405,1.33217,1.33264,1.50,1.50
2011.02.22 01:17:03.692,1.33217,1.33261,1.50,1.50
2011.02.22 01:17:04.030,1.33227,1.33261,1.50,1.50
2011.02.22 01:17:06.121,1.33207,1.33264,2.44,1.50
2011.02.22 01:17:06.240,1.33217,1.33264,1.50,1.69
2011.02.22 01:17:06.462,1.33217,1.33256,1.50,1.69
2011.02.22 01:17:07.001,1.33216,1.33251,1.50,1.69
2011.02.22 01:17:07.221,1.33216,1.33251,1.50,1.50
2011.02.22 01:17:07.449,1.33206,1.33251,1.50,1.50
2011.02.22 01:17:08.818,1.33206,1.33249,1.50,1.50
2011.02.22 01:17:09.780,1.33207,1.33249,1.50,1.50
2011.02.22 01:17:09.888,1.33207,1.33254,1.50,1.50
2011.02.22 01:17:09.999,1.33207,1.33256,1.50,1.50
2011.02.22 01:17:10.441,1.33209,1.33253,1.50,1.50
2011.02.22 01:17:10.552,1.33202,1.33259,2.25,1.50
2011.02.22 01:17:10.672,1.33199,1.33259,1.50,1.50
2011.02.22 01:17:10.790,1.33199,1.33244,1.50,1.50
2011.02.22 01:17:11.620,1.3319,1.33244,1.50,1.50
2011.02.22 01:17:12.200,1.33193,1.33244,1.50,1.50
2011.02.22 01:17:12.312,1.33195,1.33244,1.50,1.50
2011.02.22 01:17:13.859,1.33203,1.33243,1.92,1.50
2011.02.22 01:17:13.971,1.33203,1.33263,1.92,3.00
2011.02.22 01:17:14.410,1.33207,1.33261,1.50,1.50
2011.02.22 01:17:19.838,1.33207,1.33259,2.25,1.50
2011.02.22 01:17:20.170,1.33217,1.33265,1.50,1.50
2011.02.22 01:17:20.279,1.33211,1.33265,1.73,1.50
2011.02.22 01:17:20.388,1.33216,1.33265,1.50,1.50
2011.02.22 01:17:20.718,1.33227,1.33261,1.50,2.25
2011.02.22 01:17:21.061,1.33217,1.33261,1.50,2.25
2011.02.22 01:17:21.609,1.33216,1.33261,1.50,2.25
2011.02.22 01:17:22.501,1.33217,1.33261,1.50,1.50
2011.02.22 01:17:22.720,1.33217,1.33263,1.50,1.50
2011.02.22 01:17:22.828,1.33225,1.33263,1.50,1.50
2011.02.22 01:17:22.939,1.33225,1.33274,1.50,3.00
2011.02.22 01:17:23.051,1.33221,1.33274,1.50,3.00
2011.02.22 01:17:23.173,1.33218,1.33274,1.50,3.00
2011.02.22 01:17:23.508,1.33222,1.33274,1.50,3.00
2011.02.22 01:17:23.884,1.33218,1.33269,1.50,1.50
2011.02.22 01:17:24.221,1.33218,1.33272,1.69,1.50
2011.02.22 01:17:24.559,1.33226,1.33272,1.50,1.50
2011.02.22 01:17:25.331,1.33226,1.33269,1.50,1.50
2011.02.22 01:17:26.000,1.33226,1.33267,1.50,1.50
2011.02.22 01:17:26.661,1.33226,1.3327,1.50,1.50
2011.02.22 01:17:26.879,1.33226,1.33269,1.50,1.50
2011.02.22 01:17:30.629,1.33223,1.33274,1.50,3.00
2011.02.22 01:17:30.738,1.33221,1.33274,1.50,3.00
2011.02.22 01:17:31.182,1.33217,1.3327,1.50,1.50
2011.02.22 01:17:31.412,1.33216,1.33269,1.50,1.50
2011.02.22 01:17:31.641,1.33216,1.33266,2.44,1.50
2011.02.22 01:17:31.760,1.33216,1.33272,2.44,1.50
2011.02.22 01:17:31.873,1.33218,1.33272,3.42,1.50
2011.02.22 01:17:31.991,1.33218,1.3327,3.42,1.50
2011.02.22 01:17:32.318,1.33226,1.33271,1.50,1.50
2011.02.22 01:17:33.861,1.33226,1.33271,1.50,1.50
2011.02.22 01:17:34.148,1.33216,1.33263,1.50,1.50
2011.02.22 01:17:38.743,1.33216,1.33249,1.50,1.69
2011.02.22 01:17:38.860,1.33207,1.33249,1.50,1.69
2011.02.22 01:17:39.080,1.33186,1.33244,3.00,1.69
2011.02.22 01:17:39.760,1.33186,1.33243,2.25,3.19
2011.02.22 01:17:40.489,1.33197,1.33243,1.50,3.00
2011.02.22 01:17:41.259,1.33197,1.33245,1.50,1.50
2011.02.22 01:17:41.369,1.33197,1.33246,1.50,2.25
2011.02.22 01:17:41.813,1.33197,1.33236,1.50,1.50
2011.02.22 01:17:41.931,1.33197,1.33242,1.50,1.50
2011.02.22 01:17:42.043,1.33186,1.33242,1.50,1.69
2011.02.22 01:17:42.383,1.33186,1.33243,1.50,2.44
2011.02.22 01:17:42.610,1.33186,1.33239,1.50,1.50
2011.02.22 01:17:43.308,1.33186,1.33239,1.50,2.25
2011.02.22 01:17:44.299,1.33186,1.33239,2.25,2.25
2011.02.22 01:17:44.627,1.33176,1.33234,3.19,1.50
2011.02.22 01:17:44.848,1.33176,1.33234,3.19,1.50
2011.02.22 01:17:45.289,1.33187,1.33238,1.50,2.25
2011.02.22 01:17:45.618,1.33187,1.33241,2.25,3.19
2011.02.22 01:17:46.579,1.33187,1.33241,2.44,1.50
2011.02.22 01:17:46.691,1.33187,1.33241,2.44,1.50
2011.02.22 01:17:46.919,1.33196,1.33245,1.50,1.50
2011.02.22 01:17:50.239,1.33196,1.33251,2.25,1.50
2011.02.22 01:17:50.791,1.33196,1.33252,1.50,1.69
2011.02.22 01:17:51.009,1.33196,1.33252,1.50,1.69
2011.02.22 01:17:51.339,1.33196,1.33252,1.50,1.69
2011.02.22 01:17:52.449,1.33196,1.33253,3.75,1.69
2011.02.22 01:17:52.670,1.33219,1.33254,1.50,1.69
2011.02.22 01:17:52.890,1.33211,1.33257,1.50,1.69
2011.02.22 01:17:53.109,1.33201,1.33257,1.50,1.69
2011.02.22 01:17:53.218,1.33201,1.33257,1.50,1.69
2011.02.22 01:17:53.560,1.33201,1.33245,1.50,1.69
2011.02.22 01:17:53.671,1.33197,1.33241,1.50,2.25
2011.02.22 01:17:54.177,1.33197,1.33233,1.50,2.25
2011.02.22 01:17:54.630,1.33207,1.33223,1.50,1.50
2011.02.22 01:17:54.740,1.33196,1.33223,1.50,1.50
2011.02.22 01:17:54.961,1.33196,1.3323,1.50,3.00
2011.02.22 01:17:57.388,1.33196,1.33224,1.50,3.00
2011.02.22 01:17:57.610,1.33187,1.33223,1.50,3.00
2011.02.22 01:17:57.719,1.33187,1.33221,1.50,2.25
2011.02.22 01:17:57.939,1.33187,1.33224,1.50,3.00
2011.02.22 01:17:59.529,1.33187,1.33224,1.50,3.75
2011.02.22 01:17:59.750,1.33187,1.33224,1.50,3.75
2011.02.22 01:18:00.170,1.33177,1.33224,1.50,3.75
2011.02.22 01:18:02.712,1.33177,1.33225,1.50,3.00
2011.02.22 01:18:03.050,1.33177,1.33224,1.50,1.50
2011.02.22 01:18:03.384,1.33197,1.33228,1.50,1.50
2011.02.22 01:18:04.059,1.33197,1.33229,1.50,2.25
2011.02.22 01:18:04.611,1.33197,1.33234,1.50,1.50
2011.02.22 01:18:04.865,1.33177,1.33231,1.50,3.00
2011.02.22 01:18:04.989,1.33177,1.33203,2.25,1.50
2011.02.22 01:18:05.321,1.33126,1.33191,1.88,1.50
2011.02.22 01:18:05.541,1.33127,1.33177,1.13,1.50
2011.02.22 01:18:06.772,1.33136,1.33204,1.13,2.25
2011.02.22 01:18:06.891,1.33141,1.33181,1.13,1.50
2011.02.22 01:18:07.010,1.3314,1.33182,1.13,3.00
2011.02.22 01:18:07.121,1.3314,1.33182,2.10,2.25
2011.02.22 01:18:07.341,1.33142,1.33193,1.50,1.50
2011.02.22 01:18:07.450,1.33148,1.33204,1.50,2.25
2011.02.22 01:18:07.780,1.33153,1.33216,1.50,2.25
2011.02.22 01:18:08.109,1.33155,1.33215,1.50,1.50
2011.02.22 01:18:08.331,1.33154,1.33218,1.50,1.50
2011.02.22 01:18:08.768,1.33157,1.33203,1.50,1.50
2011.02.22 01:18:08.880,1.33164,1.33213,1.50,1.50
2011.02.22 01:18:08.989,1.33164,1.33213,1.50,1.50
2011.02.22 01:18:09.099,1.33164,1.33203,1.50,1.50
2011.02.22 01:18:09.501,1.33169,1.33214,1.50,1.50
2011.02.22 01:18:09.840,1.33169,1.33214,2.25,1.50
2011.02.22 01:18:10.499,1.33174,1.33223,1.50,1.50
2011.02.22 01:18:13.530,1.33178,1.33234,1.50,1.50
2011.02.22 01:18:13.751,1.33178,1.33234,1.50,1.50
2011.02.22 01:18:14.191,1.3318,1.33234,3.00,2.25
2011.02.22 01:18:14.639,1.33184,1.33244,2.25,2.25
2011.02.22 01:18:15.054,1.3319,1.33243,1.50,2.25
2011.02.22 01:18:20.109,1.33186,1.33244,3.75,2.25
2011.02.22 01:18:20.219,1.33186,1.33244,3.75,2.25
2011.02.22 01:18:20.328,1.3319,1.33244,2.25,2.25
2011.02.22 01:18:20.699,1.3319,1.33244,2.25,2.25
2011.02.22 01:18:21.350,1.33186,1.33244,3.75,2.25
2011.02.22 01:18:22.154,1.33186,1.33242,1.50,3.98
2011.02.22 01:18:22.271,1.33181,1.33233,1.50,1.50
2011.02.22 01:18:22.717,1.33178,1.33229,1.50,1.73
2011.02.22 01:18:23.048,1.33172,1.33222,1.50,1.73
2011.02.22 01:18:23.381,1.33172,1.33223,1.50,1.50
2011.02.22 01:18:25.560,1.33177,1.33229,2.25,1.73
2011.02.22 01:18:25.778,1.33177,1.33233,2.25,1.50
2011.02.22 01:18:26.940,1.33179,1.33233,1.50,1.50
2011.02.22 01:18:27.443,1.33179,1.33228,1.50,1.73
2011.02.22 01:18:28.109,1.33181,1.33233,2.25,1.50
2011.02.22 01:18:28.330,1.33183,1.33233,1.50,1.50
2011.02.22 01:18:28.441,1.33184,1.33229,2.25,1.73
2011.02.22 01:18:28.889,1.33183,1.33229,1.50,1.73
2011.02.22 01:18:32.209,1.33183,1.33233,1.50,1.50
2011.02.22 01:18:32.757,1.33185,1.33233,2.25,1.50
2011.02.22 01:18:34.631,1.33188,1.33233,2.25,1.50
2011.02.22 01:18:34.959,1.33192,1.33242,1.50,2.48
2011.02.22 01:18:35.071,1.33192,1.33244,1.50,2.25
2011.02.22 01:18:35.290,1.33193,1.33244,1.50,2.25
2011.02.22 01:18:35.400,1.33193,1.33242,2.25,2.48
2011.02.22 01:18:35.948,1.33191,1.33242,2.25,2.48
2011.02.22 01:18:36.168,1.33191,1.33242,2.25,2.48
2011.02.22 01:18:36.389,1.33193,1.33244,1.50,2.25
2011.02.22 01:18:36.731,1.33196,1.33244,1.50,2.25
2011.02.22 01:18:39.796,1.33193,1.33244,1.50,2.25
2011.02.22 01:18:40.311,1.3319,1.33244,2.25,2.25
2011.02.22 01:18:40.759,1.33195,1.33244,1.50,2.25
2011.02.22 01:18:41.250,1.33192,1.33244,2.25,2.25
2011.02.22 01:18:41.581,1.33186,1.33234,2.25,1.73
2011.02.22 01:18:41.703,1.33186,1.33234,2.25,1.73
2011.02.22 01:18:42.259,1.33187,1.33234,3.00,1.73
2011.02.22 01:18:42.371,1.3319,1.33243,1.50,2.25
2011.02.22 01:18:42.478,1.3319,1.33243,1.50,2.25
2011.02.22 01:18:44.279,1.33187,1.33243,1.50,2.25
2011.02.22 01:18:44.389,1.33187,1.3324,1.50,2.48
2011.02.22 01:18:48.277,1.33187,1.3324,1.50,2.48
2011.02.22 01:18:51.308,1.33187,1.33242,1.50,2.48
2011.02.22 01:18:51.638,1.33189,1.33243,2.25,3.75
2011.02.22 01:18:53.399,1.33189,1.33243,2.25,2.25
2011.02.22 01:18:53.510,1.332,1.33243,2.25,2.25
2011.02.22 01:18:53.840,1.33205,1.33254,2.25,2.25
2011.02.22 01:18:54.171,1.33214,1.33254,2.25,2.25
2011.02.22 01:18:54.500,1.33217,1.33254,2.25,2.25
2011.02.22 01:18:54.610,1.33217,1.33254,2.25,2.25
2011.02.22 01:18:59.418,1.33214,1.33254,2.25,2.25
2011.02.22 01:18:59.638,1.33212,1.33254,2.25,2.25
2011.02.22 01:19:01.188,1.33209,1.33259,2.25,1.69
2011.02.22 01:19:01.301,1.33209,1.33254,2.25,2.44
2011.02.22 01:19:01.413,1.33205,1.33254,1.50,2.44
2011.02.22 01:19:01.530,1.33196,1.33254,2.25,2.44
2011.02.22 01:19:01.639,1.33196,1.33244,1.50,2.25
2011.02.22 01:19:01.969,1.33196,1.33244,1.50,2.25
2011.02.22 01:19:02.189,1.33196,1.33244,1.50,2.25
2011.02.22 01:19:02.299,1.33188,1.33244,2.25,2.25
2011.02.22 01:19:03.460,1.33193,1.33244,1.50,2.25
2011.02.22 01:19:03.902,1.33194,1.33244,1.50,2.25
2011.02.22 01:19:04.239,1.33193,1.33244,2.25,2.25
2011.02.22 01:19:04.900,1.33193,1.33244,2.25,2.25
2011.02.22 01:19:05.014,1.33193,1.33233,2.25,1.50
2011.02.22 01:19:05.132,1.33188,1.33233,1.50,1.50
2011.02.22 01:19:05.579,1.3319,1.33233,1.50,1.50
2011.02.22 01:19:05.908,1.33193,1.33244,2.25,2.25
2011.02.22 01:19:06.128,1.33195,1.33244,1.50,2.25
2011.02.22 01:19:06.459,1.33195,1.33244,2.25,2.25
2011.02.22 01:19:07.770,1.33202,1.33244,1.50,2.25
2011.02.22 01:19:08.150,1.33203,1.33244,2.25,2.25
2011.02.22 01:19:08.518,1.33206,1.33244,1.50,2.25
2011.02.22 01:19:10.588,1.33203,1.33254,2.25,2.44
2011.02.22 01:19:10.812,1.332,1.33254,1.50,2.44
2011.02.22 01:19:11.039,1.33196,1.33254,3.75,2.44
2011.02.22 01:19:13.750,1.33207,1.33262,1.50,1.50
2011.02.22 01:19:13.859,1.33207,1.33262,1.50,1.50
2011.02.22 01:19:14.299,1.33207,1.33263,1.50,2.25
2011.02.22 01:19:15.670,1.33207,1.33263,3.00,2.25
2011.02.22 01:19:15.779,1.33216,1.33268,1.50,3.23
2011.02.22 01:19:16.109,1.33217,1.33274,2.25,2.44
2011.02.22 01:19:16.439,1.33223,1.33274,1.50,2.25
2011.02.22 01:19:17.458,1.33225,1.33274,1.50,2.25
2011.02.22 01:19:18.319,1.33225,1.33274,2.25,2.25
2011.02.22 01:19:23.398,1.33226,1.33284,1.50,2.25
2011.02.22 01:19:24.108,1.33226,1.33284,2.25,2.25
2011.02.22 01:19:24.219,1.33227,1.33287,2.44,3.23
2011.02.22 01:19:24.330,1.33232,1.33287,1.50,2.48
2011.02.22 01:19:24.439,1.33237,1.33293,1.50,2.25
2011.02.22 01:19:24.772,1.33234,1.33283,2.25,2.25
2011.02.22 01:19:25.110,1.33228,1.33285,2.25,2.25
2011.02.22 01:19:25.220,1.33228,1.33285,2.25,2.25
2011.02.22 01:19:25.439,1.33227,1.33283,3.75,2.25
2011.02.22 01:19:26.544,1.33227,1.33283,3.00,3.00
2011.02.22 01:19:26.665,1.33227,1.33271,1.50,1.69
2011.02.22 01:19:26.782,1.33217,1.33268,2.25,2.44
2011.02.22 01:19:26.901,1.33222,1.33268,1.50,2.44
2011.02.22 01:19:27.240,1.33219,1.33271,1.50,1.69
2011.02.22 01:19:27.458,1.33219,1.33268,1.50,2.44
2011.02.22 01:19:28.118,1.33216,1.33268,1.50,2.44
2011.02.22 01:19:29.350,1.33216,1.33268,1.50,2.44
2011.02.22 01:19:29.568,1.33216,1.33271,1.50,3.19
2011.02.22 01:19:33.560,1.33206,1.33233,1.50,1.50
2011.02.22 01:19:33.781,1.33187,1.33225,2.25,1.73
2011.02.22 01:19:33.999,1.33187,1.33228,2.25,2.25
2011.02.22 01:19:34.109,1.33187,1.33232,1.50,1.73
2011.02.22 01:19:34.865,1.33187,1.33236,1.50,3.00
2011.02.22 01:19:35.198,1.33187,1.3324,1.50,1.50
2011.02.22 01:19:35.635,1.33187,1.3323,1.50,1.73
2011.02.22 01:19:35.859,1.33177,1.3323,2.25,1.73
2011.02.22 01:19:36.079,1.33177,1.33233,2.25,1.50
2011.02.22 01:19:36.411,1.33182,1.33233,3.00,3.98
2011.02.22 01:19:36.520,1.33182,1.33233,3.00,3.42
2011.02.22 01:19:36.631,1.33182,1.33233,2.25,2.67
2011.02.22 01:19:36.743,1.33181,1.33236,1.50,1.50
2011.02.22 01:19:36.859,1.33186,1.33236,1.50,1.50
2011.02.22 01:19:37.188,1.33178,1.33232,2.25,1.50
2011.02.22 01:19:38.021,1.33176,1.33219,2.25,1.69
2011.02.22 01:19:38.350,1.33166,1.33219,2.25,1.69
2011.02.22 01:19:39.109,1.33166,1.3322,2.25,1.50
2011.02.22 01:19:40.041,1.33166,1.3322,5.25,1.50
2011.02.22 01:19:40.149,1.33173,1.33224,2.25,1.50
2011.02.22 01:19:40.368,1.33176,1.33229,2.25,1.50
2011.02.22 01:19:40.598,1.33176,1.33229,2.25,1.50
2011.02.22 01:19:41.700,1.33176,1.33226,1.50,1.50
2011.02.22 01:19:41.809,1.33167,1.33225,1.50,1.50
2011.02.22 01:19:41.920,1.33171,1.33218,2.25,1.50
2011.02.22 01:19:42.139,1.33171,1.3323,2.25,1.50
2011.02.22 01:19:42.250,1.33171,1.33224,2.25,2.44
2011.02.22 01:19:42.359,1.3316,1.33219,1.50,1.69
2011.02.22 01:19:44.261,1.33167,1.33219,2.44,1.50
2011.02.22 01:19:44.372,1.33172,1.3323,2.44,2.25
2011.02.22 01:19:44.493,1.33177,1.3323,2.25,1.50
2011.02.22 01:19:44.830,1.33165,1.33219,1.50,1.69
2011.02.22 01:19:45.551,1.33157,1.33213,3.00,2.44
2011.02.22 01:19:45.879,1.33157,1.33204,1.50,1.69
2011.02.22 01:19:47.800,1.33151,1.33204,3.00,1.69
2011.02.22 01:19:48.229,1.33153,1.33212,1.69,1.50
2011.02.22 01:19:48.340,1.33168,1.33215,2.25,3.23
2011.02.22 01:19:48.450,1.33168,1.33222,2.25,1.69
2011.02.22 01:19:48.561,1.33167,1.33222,5.25,1.69
2011.02.22 01:19:48.780,1.33167,1.33222,3.75,1.69
2011.02.22 01:19:48.999,1.33167,1.33222,2.25,1.69
2011.02.22 01:19:49.548,1.33167,1.33221,2.25,1.69
2011.02.22 01:19:51.320,1.33167,1.33221,2.25,1.50
2011.02.22 01:20:02.041,1.33157,1.33213,3.75,1.50
2011.02.22 01:20:02.368,1.33157,1.33213,2.25,1.50
2011.02.22 01:20:02.810,1.33157,1.33211,2.25,1.50
2011.02.22 01:20:03.143,1.33171,1.33222,2.25,1.50
2011.02.22 01:20:03.590,1.33186,1.33222,1.50,3.00
2011.02.22 01:20:03.814,1.33186,1.33228,1.50,1.50
2011.02.22 01:20:04.040,1.33187,1.33233,1.50,1.50
2011.02.22 01:20:04.482,1.33187,1.33211,2.25,2.25
2011.02.22 01:20:04.713,1.33187,1.33219,2.25,1.50
2011.02.22 01:20:04.831,1.33187,1.33212,1.50,1.50
2011.02.22 01:20:05.170,1.33197,1.33212,1.50,1.50
2011.02.22 01:20:05.719,1.33197,1.33209,1.50,1.50
2011.02.22 01:20:06.909,1.33187,1.33209,1.50,1.50
2011.02.22 01:20:07.432,1.33187,1.33203,1.50,1.50
2011.02.22 01:20:07.554,1.33167,1.33203,2.25,1.50
2011.02.22 01:20:07.675,1.33167,1.332,1.50,1.50
2011.02.22 01:20:07.905,1.33156,1.33194,1.50,1.50
2011.02.22 01:20:08.023,1.33156,1.33194,2.25,1.50
2011.02.22 01:20:08.362,1.33156,1.33203,2.25,1.50
2011.02.22 01:20:08.481,1.33156,1.33205,2.25,1.50
2011.02.22 01:20:09.030,1.33156,1.33213,2.25,1.50
2011.02.22 01:20:09.138,1.33156,1.33213,2.25,1.50
2011.02.22 01:20:09.469,1.33156,1.33213,2.25,1.50
2011.02.22 01:20:10.760,1.33163,1.33213,3.75,1.50
2011.02.22 01:20:10.869,1.33165,1.3322,2.25,1.50
2011.02.22 01:20:11.542,1.33166,1.3322,2.25,1.50
2011.02.22 01:20:11.882,1.33166,1.33216,2.25,1.50
2011.02.22 01:20:12.439,1.33166,1.33216,2.25,1.50
2011.02.22 01:20:12.549,1.33166,1.33213,1.50,1.50
2011.02.22 01:20:13.101,1.33166,1.3321,1.50,1.50
2011.02.22 01:20:14.800,1.33166,1.33208,1.50,1.69
2011.02.22 01:20:14.910,1.33166,1.3321,1.50,1.50
2011.02.22 01:20:15.241,1.33166,1.33213,2.25,1.50
2011.02.22 01:20:18.051,1.33166,1.33211,1.50,1.50
2011.02.22 01:20:18.928,1.33167,1.33202,2.25,1.50
2011.02.22 01:20:19.258,1.33156,1.33202,2.25,1.50
2011.02.22 01:20:19.970,1.33157,1.33202,2.25,1.50
2011.02.22 01:20:20.380,1.33147,1.33199,2.25,1.50
2011.02.22 01:20:20.498,1.33147,1.33202,2.25,1.50
2011.02.22 01:20:20.611,1.33147,1.33202,2.25,1.50
2011.02.22 01:20:20.721,1.33149,1.33203,1.50,1.50
2011.02.22 01:20:20.833,1.33156,1.3321,2.25,1.50
2011.02.22 01:20:20.954,1.33156,1.33214,2.25,3.00
2011.02.22 01:20:22.513,1.33166,1.33213,1.50,1.50
2011.02.22 01:20:22.742,1.33166,1.33224,2.25,2.25
2011.02.22 01:20:22.861,1.33176,1.33217,1.50,1.50
2011.02.22 01:20:23.228,1.33176,1.33212,1.50,1.50
2011.02.22 01:20:24.410,1.33176,1.33209,1.50,1.50
2011.02.22 01:20:25.511,1.33167,1.33209,1.50,1.50
2011.02.22 01:20:26.126,1.33167,1.33208,1.50,1.50
2011.02.22 01:20:27.051,1.33156,1.33204,2.25,1.50
2011.02.22 01:20:27.389,1.33156,1.33196,2.25,1.50
2011.02.22 01:20:28.609,1.33147,1.33196,2.25,1.50
2011.02.22 01:20:29.493,1.33147,1.33192,2.25,1.50
2011.02.22 01:20:29.829,1.33157,1.33196,2.25,1.50
2011.02.22 01:20:29.940,1.33157,1.33197,2.25,1.50
2011.02.22 01:20:30.380,1.33157,1.33197,2.25,1.50
2011.02.22 01:20:30.710,1.33146,1.33193,2.25,1.50
2011.02.22 01:20:31.040,1.33146,1.33188,2.25,1.50
2011.02.22 01:20:34.379,1.33136,1.33188,2.25,1.69
2011.02.22 01:20:34.665,1.33127,1.33183,2.25,2.25
2011.02.22 01:20:35.368,1.33127,1.33182,2.25,1.50
2011.02.22 01:20:35.698,1.33127,1.33179,2.25,1.50
2011.02.22 01:20:36.719,1.33127,1.33178,2.25,2.25
2011.02.22 01:20:36.941,1.33127,1.33157,1.50,1.50
2011.02.22 01:20:37.159,1.33127,1.3315,1.50,1.50
2011.02.22 01:20:37.269,1.33117,1.3315,1.50,1.50
2011.02.22 01:20:37.598,1.33117,1.33158,1.50,1.50
2011.02.22 01:20:37.929,1.33117,1.33162,1.50,1.50
2011.02.22 01:20:38.370,1.33117,1.33173,1.50,2.44
2011.02.22 01:20:38.480,1.33117,1.33173,1.50,2.44
2011.02.22 01:20:38.864,1.33117,1.33172,1.88,2.25
2011.02.22 01:20:39.202,1.33125,1.3318,1.50,1.50
2011.02.22 01:20:39.758,1.33125,1.33181,1.50,2.25
2011.02.22 01:20:39.868,1.33126,1.33182,2.25,1.50
2011.02.22 01:20:40.668,1.33124,1.33174,1.50,1.50
2011.02.22 01:20:40.778,1.33123,1.33174,3.15,1.50
2011.02.22 01:20:41.303,1.33125,1.33183,3.00,1.50
2011.02.22 01:20:42.169,1.33125,1.33183,1.50,1.50
2011.02.22 01:20:43.492,1.33141,1.33183,3.75,1.50
2011.02.22 01:20:43.610,1.33141,1.33201,3.75,1.50
2011.02.22 01:20:45.660,1.33147,1.33203,2.40,2.25
2011.02.22 01:20:45.882,1.33147,1.33203,2.25,2.25
2011.02.22 01:20:46.219,1.33147,1.33195,2.25,1.50
2011.02.22 01:20:46.828,1.33147,1.33195,2.25,1.50
2011.02.22 01:20:48.239,1.33147,1.33195,2.25,1.50
2011.02.22 01:20:50.351,1.33147,1.33194,2.25,2.25
2011.02.22 01:20:50.680,1.33137,1.33188,2.25,1.50
2011.02.22 01:20:51.010,1.33137,1.33184,2.25,1.50
2011.02.22 01:20:51.599,1.33137,1.33181,2.25,1.50
2011.02.22 01:20:54.451,1.33137,1.33181,2.25,1.50
2011.02.22 01:20:54.571,1.33137,1.33184,2.25,1.50
2011.02.22 01:20:55.232,1.33137,1.33185,2.25,1.50
2011.02.22 01:20:59.300,1.33137,1.33186,2.25,1.50
2011.02.22 01:20:59.739,1.33136,1.33189,2.25,1.50
2011.02.22 01:21:04.892,1.33136,1.33184,2.25,1.50
2011.02.22 01:21:05.010,1.33136,1.33186,2.25,2.25
2011.02.22 01:21:05.339,1.33136,1.33184,2.25,1.50
2011.02.22 01:21:06.169,1.33136,1.33183,2.25,1.50
2011.02.22 01:21:06.499,1.33136,1.33179,2.25,1.50
2011.02.22 01:21:06.830,1.33136,1.33173,2.25,1.50
2011.02.22 01:21:07.269,1.33126,1.33175,2.25,1.50
2011.02.22 01:21:09.608,1.33126,1.33175,2.25,1.50
2011.02.22 01:21:09.941,1.33126,1.33174,2.25,2.25
2011.02.22 01:21:10.170,1.33126,1.33173,2.25,1.50
2011.02.22 01:21:10.477,1.33126,1.33169,2.25,2.25
2011.02.22 01:21:10.921,1.33126,1.33166,2.25,2.25
2011.02.22 01:21:11.760,1.33126,1.3316,2.25,1.50
2011.02.22 01:21:12.089,1.33117,1.33163,2.25,2.25
2011.02.22 01:21:15.262,1.33126,1.33182,1.69,1.73
2011.02.22 01:21:15.542,1.33129,1.33191,2.25,1.50
2011.02.22 01:21:15.670,1.33126,1.33176,1.50,1.50
2011.02.22 01:21:15.891,1.33127,1.33186,2.25,3.00
2011.02.22 01:21:16.333,1.33136,1.33186,2.25,1.50
2011.02.22 01:21:16.449,1.33136,1.33184,2.25,1.50
2011.02.22 01:21:16.780,1.33136,1.33181,2.25,1.50
2011.02.22 01:21:17.214,1.33136,1.33179,2.25,1.50
2011.02.22 01:21:17.770,1.33136,1.33179,2.25,1.50
2011.02.22 01:21:19.020,1.33136,1.33179,2.25,1.50
2011.02.22 01:21:21.479,1.33136,1.33179,2.25,1.50
2011.02.22 01:21:22.038,1.33136,1.33178,2.25,1.50
2011.02.22 01:21:22.318,1.33136,1.33182,2.25,1.50
2011.02.22 01:21:22.974,1.33136,1.33182,2.25,2.25
2011.02.22 01:21:23.578,1.33136,1.3318,2.25,1.50
2011.02.22 01:21:23.799,1.33136,1.3318,2.25,1.50
2011.02.22 01:21:24.128,1.33136,1.33182,2.25,2.25
2011.02.22 01:21:25.498,1.33136,1.33182,2.25,2.25
2011.02.22 01:21:25.719,1.33136,1.33179,2.25,1.50
2011.02.22 01:21:26.080,1.33136,1.33183,2.25,1.50
2011.02.22 01:21:26.300,1.33136,1.33188,2.25,1.50
2011.02.22 01:21:26.849,1.33147,1.33191,2.25,3.00
2011.02.22 01:21:29.950,1.33147,1.33191,2.25,3.00
2011.02.22 01:21:30.280,1.33147,1.33187,2.25,2.25
2011.02.22 01:21:38.178,1.33136,1.33187,2.25,2.25
2011.02.22 01:21:38.289,1.33136,1.33182,2.25,1.50
2011.02.22 01:21:38.619,1.33126,1.33177,2.25,1.50
2011.02.22 01:21:39.130,1.33126,1.33176,2.25,1.50
2011.02.22 01:21:42.898,1.33126,1.33176,2.25,1.50
2011.02.22 01:21:45.438,1.33126,1.33174,2.25,1.50
2011.02.22 01:21:48.090,1.33126,1.33174,2.25,1.50
2011.02.22 01:21:50.619,1.33126,1.33175,2.25,1.50
2011.02.22 01:21:53.851,1.33126,1.33175,2.25,1.50
2011.02.22 01:21:54.069,1.33127,1.33182,1.32,1.50
2011.02.22 01:21:54.180,1.33127,1.33184,1.32,2.25
2011.02.22 01:21:54.288,1.33127,1.33184,2.07,1.50
2011.02.22 01:21:54.618,1.33137,1.33192,2.25,1.50
2011.02.22 01:21:54.948,1.33137,1.33188,2.25,1.50
2011.02.22 01:21:58.258,1.33137,1.33193,2.25,3.75
2011.02.22 01:22:01.759,1.33137,1.33193,2.25,1.50
2011.02.22 01:22:02.089,1.33137,1.33193,2.25,1.50
2011.02.22 01:22:03.369,1.33139,1.33193,1.50,1.50
2011.02.22 01:22:03.701,1.3314,1.33193,1.50,1.50
2011.02.22 01:22:05.949,1.33145,1.33193,1.50,1.50
2011.02.22 01:22:06.060,1.33149,1.33203,1.50,2.25
2011.02.22 01:22:06.393,1.33154,1.33203,2.25,2.25
2011.02.22 01:22:06.619,1.33149,1.33203,1.50,1.50
2011.02.22 01:22:07.382,1.33149,1.33203,1.50,2.25
2011.02.22 01:22:09.360,1.33153,1.33204,1.50,1.50
2011.02.22 01:22:09.688,1.33153,1.33193,1.50,1.50
2011.02.22 01:22:10.440,1.33152,1.33193,1.50,1.50
2011.02.22 01:22:10.658,1.33152,1.33204,1.50,2.25
2011.02.22 01:22:11.190,1.33148,1.33203,1.50,2.25
2011.02.22 01:22:11.519,1.33149,1.33194,1.50,1.69
2011.02.22 01:22:13.029,1.33147,1.332,2.25,1.50
2011.02.22 01:22:13.141,1.33147,1.332,2.25,2.25
2011.02.22 01:22:13.471,1.33147,1.33202,3.00,2.48
2011.02.22 01:22:13.580,1.33147,1.33202,3.00,2.48
2011.02.22 01:22:13.689,1.33147,1.33193,1.50,1.50
2011.02.22 01:22:13.995,1.33147,1.33203,3.00,3.75
2011.02.22 01:22:14.343,1.33143,1.33195,1.50,1.50
2011.02.22 01:22:14.570,1.33143,1.33197,1.50,1.69
2011.02.22 01:22:14.682,1.33143,1.33193,1.50,1.50
2011.02.22 01:22:15.022,1.33143,1.33191,1.50,1.50
2011.02.22 01:22:15.139,1.33138,1.33193,1.50,1.50
2011.02.22 01:22:15.359,1.33138,1.33195,1.50,1.50
2011.02.22 01:22:15.469,1.33138,1.3319,1.50,1.50
2011.02.22 01:22:16.314,1.33138,1.3319,1.50,1.69
2011.02.22 01:22:16.540,1.33138,1.3319,1.50,1.69
2011.02.22 01:22:16.760,1.33138,1.33189,1.50,1.69
2011.02.22 01:22:17.089,1.33138,1.33184,1.50,2.44
2011.02.22 01:22:17.528,1.33131,1.33183,1.50,2.44
2011.02.22 01:22:19.985,1.33149,1.33214,1.50,2.44
2011.02.22 01:22:20.101,1.33157,1.33208,1.50,2.25
2011.02.22 01:22:22.158,1.33157,1.33206,1.50,2.25
2011.02.22 01:22:22.711,1.33157,1.33211,2.25,2.25
2011.02.22 01:22:22.819,1.33157,1.33211,1.50,2.25
2011.02.22 01:22:23.041,1.33157,1.33206,2.25,2.48
2011.02.22 01:22:23.149,1.33148,1.33203,1.50,1.50
2011.02.22 01:22:23.480,1.33148,1.33198,1.50,1.69
2011.02.22 01:22:23.830,1.33148,1.33194,1.50,1.50
2011.02.22 01:22:24.740,1.33147,1.33195,2.25,1.50
2011.02.22 01:22:25.632,1.33147,1.33197,2.25,1.50
2011.02.22 01:22:25.975,1.33137,1.33177,2.25,1.50
2011.02.22 01:22:26.312,1.33137,1.33172,1.50,2.25
2011.02.22 01:22:26.431,1.33137,1.33172,2.25,2.25
2011.02.22 01:22:26.539,1.33137,1.33179,2.25,1.50
2011.02.22 01:22:26.870,1.33137,1.33178,2.25,1.50
2011.02.22 01:22:26.979,1.33137,1.33178,2.25,1.50
2011.02.22 01:22:27.092,1.33137,1.33185,2.25,1.50
2011.02.22 01:22:27.321,1.33137,1.33185,2.25,1.50
2011.02.22 01:22:27.429,1.33137,1.33187,2.25,1.50
2011.02.22 01:22:28.578,1.33137,1.33193,2.25,3.00
2011.02.22 01:22:31.120,1.33143,1.33191,1.50,1.50
2011.02.22 01:22:34.398,1.33143,1.33193,1.50,1.50
2011.02.22 01:22:39.389,1.33143,1.33196,1.50,2.48
2011.02.22 01:22:39.609,1.33148,1.33203,1.50,2.25
2011.02.22 01:22:39.829,1.33148,1.33203,1.50,2.25
2011.02.22 01:22:40.050,1.33148,1.33193,1.50,1.50
2011.02.22 01:22:40.708,1.33148,1.33203,1.50,2.25
2011.02.22 01:22:40.818,1.33153,1.33203,1.50,2.25
2011.02.22 01:22:41.829,1.33147,1.33203,2.25,2.25
2011.02.22 01:22:48.692,1.33147,1.33201,2.25,2.25
2011.02.22 01:22:52.218,1.33147,1.33201,2.25,2.25
2011.02.22 01:22:52.551,1.33136,1.33192,2.63,2.44
2011.02.22 01:22:52.658,1.33138,1.33192,1.50,2.44
2011.02.22 01:23:00.339,1.33138,1.33193,1.50,3.23
2011.02.22 01:23:00.778,1.33138,1.33184,1.50,1.50
2011.02.22 01:23:01.230,1.33138,1.33193,1.50,3.98
2011.02.22 01:23:04.493,1.33137,1.33186,2.25,1.73
2011.02.22 01:23:04.831,1.33127,1.33184,1.50,1.50
2011.02.22 01:23:05.159,1.33127,1.33184,1.50,1.50
2011.02.22 01:23:20.459,1.3313,1.33184,1.50,1.50
2011.02.22 01:23:20.571,1.3313,1.33183,1.50,2.25
2011.02.22 01:23:21.009,1.33137,1.33192,1.50,2.48
2011.02.22 01:23:21.119,1.3313,1.33184,1.50,2.25
2011.02.22 01:23:23.339,1.3313,1.33184,1.50,1.50
2011.02.22 01:23:27.832,1.3313,1.33184,1.50,2.25
2011.02.22 01:23:27.950,1.3313,1.33183,1.50,1.50
2011.02.22 01:23:28.302,1.3313,1.33173,1.50,1.50
2011.02.22 01:23:28.630,1.33124,1.33173,1.50,1.50
2011.02.22 01:23:29.398,1.33124,1.33173,1.50,1.50
2011.02.22 01:23:29.840,1.33141,1.33173,1.50,1.50
2011.02.22 01:23:30.408,1.33141,1.33183,1.50,1.50
2011.02.22 01:23:30.961,1.33139,1.33173,2.25,1.50
2011.02.22 01:23:31.291,1.33133,1.33173,1.50,1.50
2011.02.22 01:23:31.619,1.33125,1.33164,1.50,1.50
2011.02.22 01:23:31.959,1.33122,1.33164,1.50,1.50
2011.02.22 01:23:33.958,1.33115,1.33154,3.00,1.50
2011.02.22 01:23:34.330,1.33115,1.33173,3.00,1.73
2011.02.22 01:23:35.350,1.33123,1.33164,2.25,1.50
2011.02.22 01:23:35.459,1.33123,1.33164,2.25,1.50
2011.02.22 01:23:35.570,1.33124,1.33173,2.25,1.50
2011.02.22 01:23:39.741,1.33152,1.33186,3.75,2.25
2011.02.22 01:23:39.851,1.33152,1.33189,3.75,1.92
2011.02.22 01:23:39.961,1.33169,1.33207,1.50,1.69
2011.02.22 01:23:40.072,1.33176,1.3322,1.50,1.50
2011.02.22 01:23:42.150,1.33176,1.33223,1.50,2.25
2011.02.22 01:23:42.703,1.33184,1.33234,1.50,1.50
2011.02.22 01:23:42.822,1.33186,1.33234,1.50,1.50
2011.02.22 01:23:43.159,1.33186,1.33234,1.50,1.50
2011.02.22 01:23:45.471,1.33186,1.33229,1.50,1.50
2011.02.22 01:23:45.690,1.33186,1.33212,1.50,1.50
2011.02.22 01:23:45.802,1.33177,1.33212,1.50,1.50
2011.02.22 01:23:46.031,1.33177,1.33212,1.50,1.50
2011.02.22 01:23:46.141,1.33177,1.33205,1.50,1.50
2011.02.22 01:23:46.361,1.33167,1.33205,1.50,1.50
2011.02.22 01:23:46.469,1.33166,1.33205,1.50,1.50
2011.02.22 01:23:47.499,1.33156,1.33199,1.50,1.50
2011.02.22 01:23:50.259,1.33146,1.33196,2.25,1.50
2011.02.22 01:23:50.370,1.33146,1.33194,2.25,2.48
2011.02.22 01:23:50.811,1.33146,1.33192,1.50,1.50
2011.02.22 01:23:51.125,1.33157,1.3319,1.50,1.50
2011.02.22 01:23:51.351,1.33157,1.33201,1.50,1.50
2011.02.22 01:23:51.571,1.33149,1.33203,2.25,1.50
2011.02.22 01:23:51.898,1.33149,1.33197,2.25,1.50
2011.02.22 01:23:52.119,1.3315,1.33203,2.25,3.00
2011.02.22 01:23:52.230,1.3315,1.33203,2.25,3.75
2011.02.22 01:23:52.559,1.33156,1.33203,2.25,1.50
2011.02.22 01:23:54.871,1.3317,1.33203,2.25,1.50
2011.02.22 01:23:55.090,1.33179,1.33225,2.25,2.48
2011.02.22 01:23:55.202,1.33187,1.33214,1.50,1.69
2011.02.22 01:23:55.310,1.33182,1.33214,1.73,1.69
2011.02.22 01:23:55.529,1.33167,1.33215,2.25,1.69
2011.02.22 01:23:56.078,1.33167,1.33214,1.50,1.69
2011.02.22 01:23:56.299,1.33167,1.33217,1.50,1.50
2011.02.22 01:23:59.829,1.33167,1.33219,2.25,1.50
2011.02.22 01:24:00.049,1.33167,1.33221,1.50,1.69
2011.02.22 01:24:00.161,1.33173,1.33221,1.50,1.69
2011.02.22 01:24:00.269,1.33167,1.33221,1.50,1.69
2011.02.22 01:24:00.380,1.33167,1.33221,1.50,1.69
2011.02.22 01:24:00.601,1.33173,1.33221,1.50,1.69
2011.02.22 01:24:01.040,1.33173,1.33218,1.50,1.50
2011.02.22 01:24:01.152,1.33167,1.33218,1.50,1.50
2011.02.22 01:24:01.379,1.33167,1.33213,2.25,1.50
2011.02.22 01:24:01.490,1.33167,1.33213,1.50,1.50
2011.02.22 01:24:01.601,1.33156,1.33208,2.25,1.50
