2015.08.27 18:00:05.919,1.10833,1.10868,1.00,1.37
2015.08.27 18:00:06.467,1.10833,1.10868,1.00,1.75
2015.08.27 18:00:16.134,1.10834,1.10868,1.00,1.75
2015.08.27 18:00:21.527,1.10834,1.10868,1.00,1.75
2015.08.27 18:00:26.173,1.10833,1.10868,1.00,1.75
2015.08.27 18:00:26.680,1.10833,1.10868,1.00,1.75
2015.08.27 18:00:27.243,1.10833,1.10868,1.00,1.75
2015.08.27 18:00:27.600,1.10836,1.10867,1.00,1.00
2015.08.27 18:00:28.902,1.10832,1.10867,1.00,1.00
2015.08.27 18:00:31.455,1.10831,1.10867,1.50,1.00
2015.08.27 18:00:36.905,1.10834,1.10867,1.00,1.00
2015.08.27 18:00:41.875,1.10835,1.10867,1.00,1.00
2015.08.27 18:00:49.612,1.10834,1.10867,1.00,1.50
2015.08.27 18:00:51.566,1.10834,1.10867,1.00,1.75
2015.08.27 18:00:52.546,1.10836,1.10867,1.00,1.75
2015.08.27 18:00:57.540,1.10833,1.10867,1.00,1.75
2015.08.27 18:01:02.564,1.10832,1.10864,1.00,1.37
2015.08.27 18:01:04.444,1.10837,1.10864,1.00,1.37
2015.08.27 18:01:07.099,1.10832,1.10867,1.50,1.75
2015.08.27 18:01:07.339,1.10832,1.10867,1.87,1.50
2015.08.27 18:01:10.914,1.10832,1.10867,1.50,1.50
2015.08.27 18:01:17.314,1.10829,1.10864,1.50,1.37
2015.08.27 18:01:17.703,1.10831,1.10867,1.00,1.75
2015.08.27 18:01:20.243,1.10832,1.10868,1.12,1.75
2015.08.27 18:01:20.446,1.10832,1.10868,1.37,1.37
2015.08.27 18:01:20.959,1.10832,1.10868,1.75,1.00
2015.08.27 18:01:25.188,1.10835,1.1087,1.00,1.00
2015.08.27 18:01:25.239,1.10835,1.1087,1.00,1.37
2015.08.27 18:01:25.391,1.10835,1.1087,1.00,1.75
2015.08.27 18:01:34.680,1.10834,1.10868,1.12,1.12
2015.08.27 18:01:36.956,1.10835,1.1087,1.00,1.75
2015.08.27 18:01:38.817,1.10837,1.1087,1.00,1.75
2015.08.27 18:01:42.917,1.10835,1.1087,1.00,1.75
2015.08.27 18:01:44.508,1.10835,1.1087,1.00,1.00
2015.08.27 18:01:46.935,1.10837,1.10871,1.00,1.00
2015.08.27 18:01:53.120,1.10835,1.1087,1.00,1.00
2015.08.27 18:01:53.936,1.10838,1.1087,1.00,1.00
2015.08.27 18:01:58.880,1.10841,1.10871,1.00,1.00
2015.08.27 18:02:01.904,1.10841,1.10872,1.00,1.75
2015.08.27 18:02:02.778,1.10839,1.1087,1.00,1.12
2015.08.27 18:02:02.830,1.1084,1.1087,1.00,1.75
2015.08.27 18:02:03.134,1.10841,1.10869,1.00,1.00
2015.08.27 18:02:03.185,1.10844,1.10869,1.00,1.00
2015.08.27 18:02:03.235,1.10844,1.10871,1.00,1.00
2015.08.27 18:02:03.337,1.10844,1.10872,1.75,1.00
2015.08.27 18:02:03.387,1.10844,1.10874,1.75,1.00
2015.08.27 18:02:03.489,1.10845,1.10882,1.75,1.87
2015.08.27 18:02:04.007,1.10848,1.10882,1.00,1.87
2015.08.27 18:02:05.219,1.10848,1.1088,1.00,1.00
2015.08.27 18:02:05.913,1.10848,1.10881,1.00,1.00
2015.08.27 18:02:07.076,1.10848,1.10881,1.00,1.37
2015.08.27 18:02:07.380,1.10848,1.10877,1.00,1.00
2015.08.27 18:02:07.944,1.10844,1.10877,1.12,1.12
2015.08.27 18:02:08.045,1.10844,1.10877,1.00,1.50
2015.08.27 18:02:08.348,1.10842,1.10873,1.00,1.75
2015.08.27 18:02:14.269,1.10842,1.10873,1.00,1.75
2015.08.27 18:02:14.421,1.10838,1.10873,1.00,1.75
2015.08.27 18:02:19.954,1.10841,1.10871,1.00,1.75
2015.08.27 18:02:20.207,1.10837,1.1087,1.00,1.50
2015.08.27 18:02:20.409,1.10837,1.1087,1.00,1.75
2015.08.27 18:02:20.461,1.10835,1.10864,1.00,1.00
2015.08.27 18:02:20.714,1.10837,1.10864,1.00,1.00
2015.08.27 18:02:21.023,1.10834,1.10865,1.00,1.37
2015.08.27 18:02:21.127,1.10834,1.10868,1.50,1.00
2015.08.27 18:02:22.625,1.10834,1.10867,1.00,1.00
2015.08.27 18:02:26.040,1.10836,1.10867,1.00,1.00
2015.08.27 18:02:26.545,1.10836,1.10867,1.50,1.00
2015.08.27 18:02:27.069,1.10836,1.10867,1.00,1.00
2015.08.27 18:02:30.577,1.10836,1.1087,1.50,1.00
2015.08.27 18:02:31.082,1.10838,1.1087,1.00,1.00
2015.08.27 18:02:32.295,1.10841,1.1087,1.00,1.00
2015.08.27 18:02:32.598,1.10845,1.10878,1.00,1.50
2015.08.27 18:02:32.699,1.10841,1.10878,1.50,1.75
2015.08.27 18:02:32.801,1.10841,1.10873,1.00,1.37
2015.08.27 18:02:35.237,1.10838,1.1087,1.00,1.00
2015.08.27 18:02:35.288,1.10838,1.10867,1.00,1.00
2015.08.27 18:02:35.591,1.10819,1.10837,1.00,1.12
2015.08.27 18:02:35.642,1.10813,1.10837,1.00,1.12
2015.08.27 18:02:35.693,1.10805,1.10827,1.00,1.00
2015.08.27 18:02:35.851,1.10805,1.10831,1.00,1.00
2015.08.27 18:02:35.955,1.108,1.10831,1.50,1.00
2015.08.27 18:02:36.007,1.108,1.10823,1.37,1.00
2015.08.27 18:02:36.058,1.108,1.10823,1.00,1.00
2015.08.27 18:02:36.109,1.10797,1.10818,1.00,1.00
2015.08.27 18:02:36.416,1.10794,1.10819,1.12,1.00
2015.08.27 18:02:36.467,1.1079,1.10814,1.12,1.00
2015.08.27 18:02:36.772,1.10791,1.10807,1.00,1.00
2015.08.27 18:02:36.923,1.10791,1.10816,1.00,1.00
2015.08.27 18:02:37.133,1.10791,1.10827,1.00,3.00
2015.08.27 18:02:37.336,1.10792,1.10821,1.00,1.00
2015.08.27 18:02:37.856,1.10792,1.10822,1.00,1.00
2015.08.27 18:02:38.311,1.10788,1.10822,1.37,1.00
2015.08.27 18:02:38.846,1.10788,1.10828,1.37,2.25
2015.08.27 18:02:39.447,1.10788,1.10823,1.37,1.50
2015.08.27 18:02:39.991,1.10788,1.10823,1.00,1.75
2015.08.27 18:02:40.042,1.10802,1.10823,1.00,1.37
2015.08.27 18:02:40.093,1.10802,1.10826,1.00,1.00
2015.08.27 18:02:40.194,1.10802,1.10833,1.00,1.00
2015.08.27 18:02:40.398,1.10806,1.10842,1.00,1.00
2015.08.27 18:02:40.910,1.10806,1.10847,1.00,1.75
2015.08.27 18:02:44.344,1.10802,1.10847,1.00,1.75
2015.08.27 18:02:44.395,1.10797,1.10842,1.20,1.00
2015.08.27 18:02:44.445,1.10797,1.10842,1.20,1.37
2015.08.27 18:02:44.547,1.10794,1.10839,1.00,1.87
2015.08.27 18:02:44.598,1.10792,1.10839,1.20,1.87
2015.08.27 18:02:45.052,1.10792,1.10838,1.12,1.95
2015.08.27 18:02:45.294,1.10788,1.10831,1.00,1.00
2015.08.27 18:02:45.597,1.10788,1.10834,1.00,1.50
2015.08.27 18:02:46.762,1.10792,1.10834,1.00,1.50
2015.08.27 18:02:46.914,1.10792,1.10838,1.00,1.12
2015.08.27 18:02:47.167,1.10792,1.10838,1.47,1.12
2015.08.27 18:02:47.503,1.10796,1.10838,1.12,1.00
2015.08.27 18:02:47.807,1.10796,1.1084,1.12,1.00
2015.08.27 18:02:49.345,1.10792,1.10837,2.32,1.00
2015.08.27 18:02:49.496,1.10788,1.10834,1.00,1.75
2015.08.27 18:02:50.660,1.10791,1.10833,1.00,1.75
2015.08.27 18:02:50.862,1.10787,1.10832,1.10,1.50
2015.08.27 18:02:51.942,1.10792,1.10831,1.00,1.12
2015.08.27 18:02:52.195,1.10796,1.1084,1.00,1.00
2015.08.27 18:02:52.346,1.10814,1.10835,1.00,1.00
2015.08.27 18:02:52.508,1.10812,1.10842,1.00,1.12
2015.08.27 18:02:55.795,1.10812,1.10841,1.50,1.00
2015.08.27 18:02:56.015,1.10822,1.10837,1.00,1.00
2015.08.27 18:02:56.117,1.10817,1.10843,1.00,1.50
2015.08.27 18:02:56.219,1.10814,1.1085,1.00,1.75
2015.08.27 18:02:56.372,1.10814,1.10847,1.00,1.37
2015.08.27 18:02:56.423,1.10812,1.10847,1.00,2.25
2015.08.27 18:02:56.987,1.10812,1.10847,1.00,1.75
2015.08.27 18:02:57.139,1.10812,1.10845,1.00,1.00
2015.08.27 18:02:58.174,1.10812,1.10842,1.00,1.00
2015.08.27 18:02:58.326,1.10811,1.10845,1.50,1.00
2015.08.27 18:02:59.814,1.10811,1.10841,1.50,1.00
2015.08.27 18:03:00.148,1.10814,1.10841,1.00,1.00
2015.08.27 18:03:02.172,1.10817,1.10841,1.00,1.00
2015.08.27 18:03:02.223,1.10817,1.10843,1.00,1.00
2015.08.27 18:03:02.275,1.10817,1.10848,1.00,1.50
2015.08.27 18:03:02.488,1.10817,1.1085,1.00,1.00
2015.08.27 18:03:02.641,1.10817,1.10847,1.00,1.00
2015.08.27 18:03:03.308,1.10817,1.1085,1.00,1.00
2015.08.27 18:03:05.644,1.10821,1.1085,1.00,1.00
2015.08.27 18:03:06.233,1.10817,1.1085,1.00,1.00
2015.08.27 18:03:06.587,1.10818,1.10853,1.00,1.00
2015.08.27 18:03:08.882,1.10817,1.1085,1.00,1.00
2015.08.27 18:03:10.480,1.10822,1.1085,1.00,1.00
2015.08.27 18:03:10.584,1.10822,1.10857,1.50,1.00
2015.08.27 18:03:12.592,1.10825,1.1086,1.00,1.00
2015.08.27 18:03:17.561,1.10834,1.1086,1.00,1.00
2015.08.27 18:03:17.663,1.1083,1.1086,1.00,1.00
2015.08.27 18:03:17.840,1.1083,1.10866,1.00,1.00
2015.08.27 18:03:17.942,1.10827,1.10862,1.00,1.00
2015.08.27 18:03:18.750,1.10824,1.10859,1.00,1.00
2015.08.27 18:03:21.696,1.10816,1.1085,1.00,1.00
2015.08.27 18:03:22.209,1.10815,1.1085,1.00,1.00
2015.08.27 18:03:23.893,1.10816,1.1085,1.00,1.00
2015.08.27 18:03:24.398,1.10815,1.1085,1.00,1.00
2015.08.27 18:03:27.872,1.10817,1.1085,1.00,1.00
2015.08.27 18:03:28.074,1.10815,1.1085,1.50,1.00
2015.08.27 18:03:32.823,1.1082,1.1085,1.00,1.00
2015.08.27 18:03:33.004,1.10823,1.10857,1.00,1.00
2015.08.27 18:03:33.207,1.10819,1.10856,1.00,1.00
2015.08.27 18:03:38.073,1.10819,1.10856,1.12,2.62
2015.08.27 18:03:38.595,1.10819,1.10856,1.50,2.25
2015.08.27 18:03:43.086,1.10819,1.10856,1.75,1.37
2015.08.27 18:03:43.136,1.10819,1.10856,1.75,1.00
2015.08.27 18:03:43.187,1.10819,1.10856,1.37,1.37
2015.08.27 18:03:43.238,1.10819,1.10856,1.00,1.75
2015.08.27 18:03:46.425,1.10817,1.10854,2.25,1.75
2015.08.27 18:03:46.924,1.10817,1.10849,2.25,1.00
2015.08.27 18:03:47.133,1.10817,1.10851,2.25,1.00
2015.08.27 18:03:48.107,1.10817,1.10854,1.75,1.00
2015.08.27 18:03:48.158,1.10824,1.10854,1.00,1.00
2015.08.27 18:03:48.311,1.10828,1.1086,1.00,1.10
2015.08.27 18:03:48.412,1.1083,1.10862,1.75,1.00
2015.08.27 18:03:48.463,1.10833,1.10866,1.12,1.00
2015.08.27 18:03:48.513,1.10835,1.10866,1.00,1.00
2015.08.27 18:03:48.665,1.10835,1.10868,1.00,1.12
2015.08.27 18:03:48.817,1.10838,1.10871,1.00,1.75
2015.08.27 18:03:51.592,1.10837,1.10871,1.00,1.75
2015.08.27 18:03:51.951,1.10843,1.10875,1.00,1.00
2015.08.27 18:03:52.002,1.10843,1.10878,1.50,1.12
2015.08.27 18:03:52.053,1.10849,1.10878,1.00,1.12
2015.08.27 18:03:52.810,1.1085,1.10883,1.00,1.75
2015.08.27 18:03:53.012,1.10846,1.10883,1.00,1.75
2015.08.27 18:03:53.209,1.10846,1.10881,1.00,1.75
2015.08.27 18:03:53.260,1.10842,1.10877,1.00,1.75
2015.08.27 18:03:54.559,1.10838,1.10873,1.50,1.12
2015.08.27 18:03:54.964,1.10833,1.10868,1.75,1.00
2015.08.27 18:03:55.065,1.10833,1.10865,1.00,1.00
2015.08.27 18:03:55.116,1.10833,1.10868,1.00,1.75
2015.08.27 18:03:55.218,1.10833,1.10868,1.00,1.75
2015.08.27 18:03:55.319,1.10833,1.10868,1.00,1.75
2015.08.27 18:03:55.447,1.10833,1.10868,1.37,1.00
2015.08.27 18:03:55.954,1.10835,1.1087,1.00,1.37
2015.08.27 18:03:56.056,1.10832,1.10867,1.50,1.00
2015.08.27 18:03:57.592,1.10836,1.10871,1.00,1.50
2015.08.27 18:04:00.844,1.1084,1.10875,1.00,1.75
2015.08.27 18:04:00.945,1.10843,1.10878,1.50,1.00
2015.08.27 18:04:01.167,1.10839,1.10874,1.75,1.00
2015.08.27 18:04:01.269,1.10836,1.10871,1.12,1.37
2015.08.27 18:04:01.624,1.10836,1.10871,1.50,1.37
2015.08.27 18:04:02.130,1.10836,1.10871,1.75,1.00
2015.08.27 18:04:02.436,1.10841,1.10876,1.75,1.00
2015.08.27 18:04:02.639,1.10841,1.10876,1.12,1.00
2015.08.27 18:04:05.819,1.10841,1.10876,1.50,1.00
2015.08.27 18:04:05.960,1.10845,1.10881,1.75,1.50
2015.08.27 18:04:06.472,1.1085,1.10885,1.00,1.75
2015.08.27 18:04:11.440,1.1085,1.10885,1.87,1.37
2015.08.27 18:04:11.491,1.10853,1.10885,1.75,1.00
2015.08.27 18:04:11.617,1.1085,1.10885,1.87,1.37
2015.08.27 18:04:11.669,1.1085,1.10885,1.00,1.75
2015.08.27 18:04:12.032,1.1085,1.10882,1.00,1.50
2015.08.27 18:04:12.537,1.1085,1.10881,1.00,1.75
2015.08.27 18:04:12.638,1.10844,1.10879,1.00,1.75
2015.08.27 18:04:12.851,1.1084,1.10877,1.50,1.75
2015.08.27 18:04:15.042,1.10844,1.10879,1.00,1.37
2015.08.27 18:04:15.093,1.10844,1.10879,1.12,1.12
2015.08.27 18:04:15.249,1.10844,1.10879,1.12,1.50
2015.08.27 18:04:15.401,1.10844,1.10879,1.00,1.00
2015.08.27 18:04:15.451,1.10843,1.10875,1.00,1.00
2015.08.27 18:04:17.088,1.10843,1.10879,1.00,1.00
2015.08.27 18:04:27.673,1.10843,1.10874,1.00,1.00
2015.08.27 18:04:27.724,1.10843,1.10878,1.50,1.00
2015.08.27 18:04:30.608,1.10843,1.10878,1.75,1.00
2015.08.27 18:04:31.117,1.10843,1.10878,1.75,1.00
2015.08.27 18:04:33.720,1.10844,1.10881,1.75,1.00
2015.08.27 18:04:41.668,1.10848,1.10885,1.50,2.25
2015.08.27 18:04:43.722,1.10846,1.10881,1.75,1.00
2015.08.27 18:04:44.427,1.10846,1.10881,1.50,1.37
2015.08.27 18:04:44.529,1.10846,1.10881,1.12,1.50
2015.08.27 18:04:49.396,1.10849,1.10884,1.00,1.75
2015.08.27 18:05:00.951,1.10849,1.10884,1.12,1.87
2015.08.27 18:05:01.052,1.10846,1.10881,1.75,1.00
2015.08.27 18:05:01.154,1.10846,1.10881,1.00,1.12
2015.08.27 18:05:02.282,1.10849,1.10884,1.00,1.75
2015.08.27 18:05:02.384,1.10849,1.10884,1.00,1.00
2015.08.27 18:05:02.435,1.10852,1.10884,1.12,1.00
2015.08.27 18:05:02.485,1.10855,1.10888,1.00,1.50
2015.08.27 18:05:02.762,1.10855,1.1089,1.50,1.00
2015.08.27 18:05:03.431,1.10859,1.10892,1.00,1.00
2015.08.27 18:05:03.939,1.10856,1.10891,1.00,1.00
2015.08.27 18:05:03.990,1.10859,1.10892,1.00,1.00
2015.08.27 18:05:04.091,1.10859,1.10894,1.50,1.12
2015.08.27 18:05:04.142,1.10859,1.10894,1.37,1.50
2015.08.27 18:05:04.645,1.10859,1.10894,1.00,1.75
2015.08.27 18:05:06.975,1.10859,1.10894,1.12,1.00
2015.08.27 18:05:08.125,1.10859,1.10892,1.12,1.00
2015.08.27 18:05:08.277,1.10854,1.10889,1.00,1.12
2015.08.27 18:05:08.379,1.10852,1.10887,1.12,1.00
2015.08.27 18:05:08.682,1.10848,1.10883,1.50,1.00
2015.08.27 18:05:10.385,1.10851,1.10886,1.00,1.75
2015.08.27 18:05:13.473,1.10855,1.1089,1.00,2.25
2015.08.27 18:05:13.625,1.10855,1.1089,1.75,1.00
2015.08.27 18:05:13.730,1.10858,1.10893,1.12,1.12
2015.08.27 18:05:13.983,1.10858,1.10893,1.75,1.00
2015.08.27 18:05:14.184,1.10862,1.10898,1.12,1.12
2015.08.27 18:05:18.334,1.10859,1.10896,1.75,1.00
2015.08.27 18:05:18.638,1.10865,1.109,1.50,1.10
2015.08.27 18:05:20.192,1.10865,1.10897,1.00,1.00
2015.08.27 18:05:22.747,1.10865,1.10895,1.00,1.00
2015.08.27 18:05:22.798,1.10861,1.10895,1.00,1.12
2015.08.27 18:05:24.333,1.10865,1.10895,1.00,1.10
2015.08.27 18:05:26.049,1.10865,1.10899,1.00,1.10
2015.08.27 18:05:26.251,1.10865,1.10896,1.00,1.00
2015.08.27 18:05:31.865,1.10861,1.10896,1.12,1.12
2015.08.27 18:05:31.968,1.10859,1.10894,1.75,1.00
2015.08.27 18:05:34.223,1.10859,1.10893,1.75,1.00
2015.08.27 18:05:34.476,1.10854,1.1089,1.00,1.00
2015.08.27 18:05:34.527,1.10854,1.1089,1.00,1.07
2015.08.27 18:05:37.464,1.10853,1.10887,1.00,1.00
2015.08.27 18:05:37.566,1.10846,1.10883,2.25,1.00
2015.08.27 18:05:38.660,1.10855,1.10887,1.00,1.07
2015.08.27 18:05:39.166,1.10855,1.10887,1.00,1.00
2015.08.27 18:05:39.469,1.10852,1.10887,1.00,1.00
2015.08.27 18:05:41.270,1.1085,1.10887,1.75,1.00
2015.08.27 18:05:41.738,1.10858,1.10893,1.37,1.10
2015.08.27 18:05:42.002,1.10861,1.10897,1.75,1.00
2015.08.27 18:05:42.259,1.10864,1.10899,1.75,1.10
2015.08.27 18:05:44.749,1.10867,1.10902,1.75,1.10
2015.08.27 18:05:46.146,1.10867,1.10901,1.75,1.00
2015.08.27 18:05:46.198,1.10867,1.10899,1.75,1.00
2015.08.27 18:05:46.300,1.10864,1.10899,1.37,1.50
2015.08.27 18:05:46.351,1.10859,1.10894,1.75,1.00
2015.08.27 18:05:46.503,1.10855,1.10892,1.75,1.12
2015.08.27 18:05:46.655,1.10857,1.10892,1.75,1.00
2015.08.27 18:05:46.706,1.1086,1.10897,1.50,1.20
2015.08.27 18:05:46.807,1.10864,1.10899,1.00,2.25
2015.08.27 18:05:46.858,1.10864,1.10899,1.75,1.50
2015.08.27 18:05:46.981,1.10864,1.10898,1.00,1.50
2015.08.27 18:05:47.034,1.10861,1.10896,1.50,1.00
2015.08.27 18:05:47.085,1.10861,1.10896,1.00,1.75
2015.08.27 18:05:47.389,1.10864,1.10896,1.00,1.00
2015.08.27 18:05:47.933,1.10864,1.10897,1.00,1.00
2015.08.27 18:05:49.216,1.10864,1.10895,1.00,1.00
2015.08.27 18:05:49.368,1.1086,1.10895,1.00,1.85
2015.08.27 18:05:49.419,1.10857,1.10894,1.00,1.50
2015.08.27 18:05:51.727,1.10855,1.10892,1.50,1.00
2015.08.27 18:06:02.515,1.10858,1.10895,1.00,1.75
2015.08.27 18:06:02.819,1.10858,1.10895,1.75,1.00
2015.08.27 18:06:04.269,1.10858,1.10894,1.75,1.00
2015.08.27 18:06:04.667,1.10856,1.10891,1.75,1.00
2015.08.27 18:06:05.646,1.10859,1.10894,1.50,1.50
2015.08.27 18:06:26.563,1.10859,1.10894,1.00,2.25
2015.08.27 18:06:26.765,1.10855,1.10892,2.25,1.00
2015.08.27 18:06:27.344,1.10855,1.10892,2.25,1.00
2015.08.27 18:06:27.648,1.10864,1.10892,1.00,1.00
2015.08.27 18:06:27.699,1.10864,1.10895,1.00,1.00
2015.08.27 18:06:28.201,1.10864,1.10896,1.00,1.00
2015.08.27 18:06:31.538,1.10864,1.10898,1.00,1.00
2015.08.27 18:06:32.587,1.10864,1.10897,1.00,1.00
2015.08.27 18:06:33.308,1.10862,1.10897,1.00,1.50
2015.08.27 18:06:35.787,1.10862,1.10896,1.00,1.00
2015.08.27 18:06:37.625,1.1086,1.10896,1.00,1.50
2015.08.27 18:06:40.874,1.1086,1.10893,1.00,1.00
2015.08.27 18:06:41.178,1.1086,1.10885,1.00,1.00
2015.08.27 18:06:41.803,1.10859,1.10885,1.00,1.00
2015.08.27 18:06:42.429,1.10856,1.10885,1.75,1.00
2015.08.27 18:06:44.021,1.10856,1.1088,1.75,1.00
2015.08.27 18:06:44.226,1.10852,1.1088,1.57,1.00
2015.08.27 18:06:45.824,1.10852,1.10877,1.50,1.00
2015.08.27 18:06:46.321,1.10848,1.10874,1.00,1.00
2015.08.27 18:06:47.130,1.10845,1.10865,1.00,1.00
2015.08.27 18:06:47.281,1.10848,1.1087,1.00,1.00
2015.08.27 18:06:47.332,1.10846,1.1087,1.00,1.00
2015.08.27 18:06:47.383,1.10846,1.1087,1.37,1.00
2015.08.27 18:06:47.718,1.10852,1.1087,1.12,1.00
2015.08.27 18:06:48.022,1.1085,1.1087,1.00,1.00
2015.08.27 18:06:48.562,1.10847,1.1087,1.75,1.00
2015.08.27 18:06:49.090,1.10847,1.10869,1.75,1.00
2015.08.27 18:06:49.141,1.10847,1.10865,1.75,1.00
2015.08.27 18:06:49.343,1.10847,1.10865,1.00,1.00
2015.08.27 18:06:49.547,1.10843,1.10865,1.00,1.00
2015.08.27 18:06:54.176,1.10843,1.10863,1.00,1.00
2015.08.27 18:06:55.190,1.10843,1.10869,1.00,1.00
2015.08.27 18:07:01.796,1.10843,1.1087,1.00,1.00
2015.08.27 18:07:02.330,1.10844,1.10873,1.37,1.00
2015.08.27 18:07:02.997,1.10852,1.10873,1.00,1.00
2015.08.27 18:07:03.312,1.10849,1.10873,1.12,1.00
2015.08.27 18:07:05.780,1.10844,1.10879,1.12,1.00
2015.08.27 18:07:05.881,1.10844,1.10875,1.12,1.00
2015.08.27 18:07:06.184,1.10853,1.10878,1.75,1.00
2015.08.27 18:07:06.487,1.10847,1.1087,1.00,1.00
2015.08.27 18:07:07.028,1.10844,1.1087,1.75,1.00
2015.08.27 18:07:08.937,1.10847,1.1087,1.00,1.00
2015.08.27 18:07:11.394,1.10844,1.1087,1.75,1.00
2015.08.27 18:07:14.277,1.10844,1.1087,1.00,1.50
2015.08.27 18:07:15.855,1.10842,1.1087,1.12,1.00
2015.08.27 18:07:16.129,1.10842,1.10866,1.12,1.00
2015.08.27 18:07:16.883,1.10845,1.10866,1.00,1.00
2015.08.27 18:07:17.085,1.10842,1.10866,1.00,1.00
2015.08.27 18:07:25.474,1.10837,1.10866,2.62,1.00
2015.08.27 18:07:25.528,1.10837,1.10862,1.00,1.00
2015.08.27 18:07:30.139,1.10834,1.10862,1.50,1.00
2015.08.27 18:07:31.610,1.10834,1.1086,1.50,1.00
2015.08.27 18:07:35.163,1.10838,1.1086,1.00,1.00
2015.08.27 18:07:35.365,1.10838,1.10863,1.00,1.00
2015.08.27 18:07:35.517,1.10844,1.10863,1.00,1.00
2015.08.27 18:07:36.022,1.10838,1.10863,1.00,1.00
2015.08.27 18:07:43.595,1.10838,1.10863,1.37,1.00
2015.08.27 18:07:43.646,1.10842,1.10867,1.00,1.00
2015.08.27 18:07:43.797,1.10846,1.10867,1.37,1.00
2015.08.27 18:07:43.899,1.10846,1.10867,1.12,1.00
2015.08.27 18:07:44.329,1.10842,1.10863,1.00,1.00
2015.08.27 18:07:44.531,1.10839,1.10863,1.00,1.00
2015.08.27 18:07:47.351,1.10836,1.10863,1.50,1.00
2015.08.27 18:07:48.436,1.1084,1.10863,1.00,1.00
2015.08.27 18:07:49.657,1.10836,1.10863,1.50,1.00
2015.08.27 18:07:51.246,1.10841,1.10863,1.00,1.00
2015.08.27 18:07:59.809,1.10841,1.10862,1.00,1.00
2015.08.27 18:08:00.423,1.10836,1.10862,1.00,1.00
2015.08.27 18:08:00.915,1.1084,1.10867,1.00,1.00
2015.08.27 18:08:01.017,1.10847,1.10867,1.00,1.00
2015.08.27 18:08:01.118,1.10847,1.10871,1.12,1.00
2015.08.27 18:08:02.897,1.10847,1.10873,1.12,1.00
2015.08.27 18:08:02.948,1.10847,1.10873,1.75,1.00
2015.08.27 18:08:07.863,1.1085,1.10875,1.75,1.00
2015.08.27 18:08:08.395,1.1085,1.10876,1.75,1.00
2015.08.27 18:08:11.513,1.1085,1.10872,1.75,1.00
2015.08.27 18:08:11.564,1.1085,1.10872,1.00,1.00
2015.08.27 18:08:12.069,1.10847,1.10872,1.75,1.00
2015.08.27 18:08:20.950,1.10847,1.10868,1.75,1.00
2015.08.27 18:08:21.203,1.10847,1.10868,1.00,1.00
2015.08.27 18:08:21.254,1.10844,1.10868,1.00,1.00
2015.08.27 18:08:21.405,1.10844,1.10863,1.00,1.00
2015.08.27 18:08:27.804,1.10844,1.10866,1.00,1.00
2015.08.27 18:08:32.962,1.10844,1.10864,1.00,1.00
2015.08.27 18:08:39.232,1.10844,1.10868,1.00,1.50
2015.08.27 18:08:39.335,1.10844,1.10868,1.37,1.50
2015.08.27 18:08:42.558,1.10844,1.10873,1.75,1.00
2015.08.27 18:08:42.659,1.10849,1.10873,1.00,1.00
2015.08.27 18:08:43.020,1.10857,1.10877,1.00,1.00
2015.08.27 18:08:49.528,1.10857,1.10878,1.00,1.00
2015.08.27 18:08:54.599,1.10857,1.1088,1.00,1.00
2015.08.27 18:09:09.523,1.10857,1.10883,1.00,1.00
2015.08.27 18:09:15.301,1.10857,1.10884,1.50,1.00
2015.08.27 18:09:18.831,1.1086,1.10884,1.00,1.00
2015.08.27 18:09:25.683,1.1086,1.10879,1.00,1.00
2015.08.27 18:09:25.885,1.10858,1.10879,1.00,1.00
2015.08.27 18:09:26.390,1.10857,1.10879,1.00,1.00
2015.08.27 18:09:27.889,1.10857,1.10875,1.00,1.00
2015.08.27 18:09:28.355,1.10855,1.10875,1.00,1.00
2015.08.27 18:09:28.406,1.10854,1.10869,1.00,1.00
2015.08.27 18:09:28.457,1.10852,1.10869,1.00,1.00
2015.08.27 18:09:28.762,1.10856,1.10869,1.00,1.00
2015.08.27 18:09:28.863,1.10854,1.10869,1.00,1.00
2015.08.27 18:09:28.965,1.10849,1.10869,1.37,1.00
2015.08.27 18:09:29.504,1.10847,1.10869,1.00,1.00
2015.08.27 18:09:31.286,1.10849,1.10869,1.00,1.00
2015.08.27 18:09:31.470,1.10847,1.10869,1.00,1.00
2015.08.27 18:09:33.460,1.10846,1.10869,1.00,1.00
2015.08.27 18:09:33.562,1.10846,1.10866,1.00,1.00
2015.08.27 18:09:34.077,1.10846,1.10866,1.87,1.00
2015.08.27 18:09:34.612,1.10846,1.10866,1.75,1.00
2015.08.27 18:09:41.829,1.10846,1.10866,1.87,1.00
2015.08.27 18:09:42.338,1.10846,1.10866,1.00,1.00
2015.08.27 18:09:45.483,1.10842,1.10866,2.25,1.00
2015.08.27 18:09:45.887,1.10844,1.10862,1.12,1.00
2015.08.27 18:09:46.190,1.10847,1.10862,1.00,1.00
2015.08.27 18:09:49.313,1.10848,1.10862,1.00,1.00
2015.08.27 18:09:49.818,1.10847,1.10862,1.00,1.00
2015.08.27 18:09:50.148,1.10847,1.10857,1.00,1.00
2015.08.27 18:09:54.126,1.10848,1.10857,1.00,1.00
2015.08.27 18:09:54.689,1.10847,1.10857,1.00,1.00
2015.08.27 18:09:55.201,1.10847,1.10856,1.50,1.00
2015.08.27 18:09:56.859,1.10845,1.10856,1.37,1.00
2015.08.27 18:09:56.910,1.10845,1.10856,1.00,1.00
2015.08.27 18:09:57.870,1.10845,1.1086,1.00,1.00
2015.08.27 18:09:58.530,1.10846,1.1086,1.00,1.00
2015.08.27 18:09:58.631,1.10846,1.10857,1.00,1.00
2015.08.27 18:09:58.786,1.10844,1.10857,1.00,1.00
2015.08.27 18:09:58.887,1.10839,1.10852,1.87,1.00
2015.08.27 18:09:59.313,1.10837,1.10852,1.00,1.00
2015.08.27 18:09:59.848,1.1084,1.10852,1.00,1.00
2015.08.27 18:10:00.303,1.10842,1.10852,1.00,1.00
2015.08.27 18:10:00.876,1.10841,1.10852,1.00,1.00
2015.08.27 18:10:01.382,1.1084,1.10852,1.12,1.00
2015.08.27 18:10:02.307,1.10841,1.10852,1.00,1.00
2015.08.27 18:10:02.509,1.10845,1.10861,1.00,1.00
2015.08.27 18:10:02.611,1.10847,1.10861,2.25,1.00
2015.08.27 18:10:03.978,1.1085,1.10863,1.12,1.00
2015.08.27 18:10:05.370,1.10851,1.10862,1.00,1.00
2015.08.27 18:10:05.887,1.1085,1.10862,1.00,1.00
2015.08.27 18:10:06.332,1.10848,1.10861,1.00,1.00
2015.08.27 18:10:07.046,1.1085,1.10861,1.00,1.00
2015.08.27 18:10:13.769,1.1085,1.10866,1.00,1.00
2015.08.27 18:10:13.820,1.10853,1.10866,1.00,1.00
2015.08.27 18:10:14.160,1.10857,1.10866,1.00,1.00
2015.08.27 18:10:14.214,1.10857,1.10868,1.00,1.00
2015.08.27 18:10:14.366,1.1086,1.1087,1.00,1.00
2015.08.27 18:10:14.518,1.10858,1.1087,1.00,1.00
2015.08.27 18:10:15.045,1.10859,1.1087,1.00,1.00
2015.08.27 18:10:15.147,1.10859,1.10872,1.00,1.00
2015.08.27 18:10:15.371,1.10862,1.10872,1.00,1.00
2015.08.27 18:10:15.927,1.10857,1.10872,1.00,1.00
2015.08.27 18:10:16.811,1.10856,1.10868,1.00,1.00
2015.08.27 18:10:16.913,1.10849,1.10868,1.75,1.00
2015.08.27 18:10:17.014,1.10849,1.10863,1.75,1.00
2015.08.27 18:10:17.065,1.10849,1.10863,1.00,1.00
2015.08.27 18:10:17.578,1.10851,1.10863,1.00,1.00
2015.08.27 18:10:19.125,1.10853,1.10863,1.00,1.00
2015.08.27 18:10:22.211,1.1085,1.10863,1.00,1.00
2015.08.27 18:10:22.531,1.10854,1.10868,1.00,1.00
2015.08.27 18:10:22.582,1.10854,1.1087,1.00,1.00
2015.08.27 18:10:23.113,1.10855,1.1087,1.00,1.00
2015.08.27 18:10:24.719,1.10859,1.1087,1.00,1.00
2015.08.27 18:10:24.976,1.10854,1.1087,1.00,1.00
2015.08.27 18:10:26.572,1.10852,1.1087,1.00,1.00
2015.08.27 18:10:27.800,1.10852,1.10868,1.00,1.00
2015.08.27 18:10:29.769,1.10851,1.10868,1.00,1.00
2015.08.27 18:10:30.286,1.10852,1.10868,1.50,1.00
2015.08.27 18:10:32.403,1.10853,1.10868,1.00,1.00
2015.08.27 18:10:32.639,1.10849,1.10868,1.00,1.00
2015.08.27 18:10:32.842,1.10849,1.10865,1.00,1.00
2015.08.27 18:10:33.469,1.10849,1.10863,1.00,1.00
2015.08.27 18:10:33.570,1.10845,1.10863,1.00,1.00
2015.08.27 18:10:33.814,1.10848,1.10863,1.00,1.00
2015.08.27 18:10:33.865,1.10845,1.10863,1.50,1.00
2015.08.27 18:10:33.966,1.10849,1.10863,1.00,1.00
2015.08.27 18:10:34.320,1.10845,1.10863,1.00,1.00
2015.08.27 18:10:35.158,1.10843,1.10863,1.00,1.00
2015.08.27 18:10:35.662,1.10842,1.10863,1.00,1.00
2015.08.27 18:10:38.485,1.10843,1.1086,1.00,1.00
2015.08.27 18:10:38.789,1.10843,1.10856,1.00,1.00
2015.08.27 18:10:39.041,1.10838,1.10856,1.00,1.00
2015.08.27 18:10:41.247,1.10838,1.1086,1.00,1.00
2015.08.27 18:10:41.399,1.10844,1.1086,1.00,1.00
2015.08.27 18:10:41.551,1.10844,1.10863,1.12,1.00
2015.08.27 18:10:41.854,1.10849,1.10863,1.00,1.00
2015.08.27 18:10:42.182,1.10847,1.10863,1.00,1.00
2015.08.27 18:10:42.233,1.10847,1.1086,1.00,1.00
2015.08.27 18:10:42.510,1.10845,1.1086,1.00,1.00
2015.08.27 18:10:42.713,1.10842,1.1086,1.00,1.00
2015.08.27 18:10:45.470,1.10846,1.1086,1.00,1.00
2015.08.27 18:10:45.521,1.10846,1.10866,1.00,1.00
2015.08.27 18:10:45.624,1.10846,1.10866,2.25,1.00
2015.08.27 18:10:46.727,1.1085,1.10863,1.12,1.00
2015.08.27 18:10:46.879,1.10846,1.10859,1.00,1.00
2015.08.27 18:10:47.426,1.1084,1.10858,1.00,1.00
2015.08.27 18:10:55.755,1.10841,1.10858,1.00,1.00
2015.08.27 18:11:02.299,1.10845,1.10858,1.00,1.00
2015.08.27 18:11:02.350,1.10845,1.10862,1.00,1.00
2015.08.27 18:11:02.451,1.10846,1.10865,1.75,1.00
2015.08.27 18:11:07.638,1.10845,1.10864,1.75,1.00
2015.08.27 18:11:16.966,1.1085,1.10864,1.75,1.00
2015.08.27 18:11:18.865,1.10848,1.10867,2.25,1.00
2015.08.27 18:11:29.093,1.10847,1.10868,3.00,1.00
2015.08.27 18:11:30.090,1.10853,1.10868,1.00,1.00
2015.08.27 18:11:30.393,1.10857,1.10868,1.00,1.00
2015.08.27 18:11:32.529,1.10857,1.10872,1.00,1.00
2015.08.27 18:11:32.792,1.10857,1.10876,1.00,1.00
2015.08.27 18:11:32.961,1.10855,1.10876,1.75,1.00
2015.08.27 18:11:33.484,1.10855,1.10876,3.00,1.00
2015.08.27 18:11:34.852,1.10855,1.10872,1.75,1.00
2015.08.27 18:11:36.001,1.10852,1.10872,2.25,1.00
2015.08.27 18:11:39.894,1.10853,1.10874,2.25,1.00
2015.08.27 18:11:40.461,1.10853,1.1087,1.75,1.00
2015.08.27 18:11:40.642,1.1085,1.1087,1.75,1.00
2015.08.27 18:11:43.239,1.10848,1.10867,1.75,1.00
2015.08.27 18:11:48.292,1.1085,1.10869,1.75,1.00
2015.08.27 18:11:54.021,1.10849,1.10868,1.75,1.00
2015.08.27 18:11:56.045,1.10849,1.10868,1.75,1.00
2015.08.27 18:12:04.902,1.10849,1.10868,1.75,1.00
2015.08.27 18:12:04.953,1.10851,1.10868,1.37,1.00
2015.08.27 18:12:05.358,1.1085,1.10868,1.75,1.00
2015.08.27 18:12:13.202,1.1085,1.10868,1.75,1.00
2015.08.27 18:12:14.669,1.10851,1.10871,1.75,1.00
2015.08.27 18:12:15.247,1.10852,1.1087,1.75,1.00
2015.08.27 18:12:15.298,1.10852,1.10874,1.75,1.00
2015.08.27 18:12:18.138,1.10857,1.10878,1.37,1.00
2015.08.27 18:12:18.190,1.10862,1.10878,1.00,1.00
2015.08.27 18:12:18.528,1.10865,1.10878,1.00,1.00
2015.08.27 18:12:18.579,1.10865,1.10882,1.00,1.00
2015.08.27 18:12:21.376,1.10865,1.10878,1.00,1.00
2015.08.27 18:12:21.528,1.10863,1.10878,1.00,1.00
2015.08.27 18:12:21.579,1.10863,1.10882,1.00,1.00
2015.08.27 18:12:21.681,1.10863,1.10882,1.37,1.00
2015.08.27 18:12:22.186,1.10866,1.10882,1.00,1.00
2015.08.27 18:12:31.624,1.10862,1.10882,1.00,1.00
2015.08.27 18:12:32.172,1.10862,1.10878,1.00,1.00
2015.08.27 18:12:33.925,1.10859,1.10878,1.00,1.00
2015.08.27 18:12:40.954,1.10856,1.10878,1.50,1.00
2015.08.27 18:12:49.008,1.10856,1.1088,1.50,1.00
2015.08.27 18:12:49.109,1.10859,1.1088,1.00,1.00
2015.08.27 18:12:54.246,1.10859,1.10883,1.00,1.00
2015.08.27 18:12:58.422,1.10862,1.10883,1.00,1.00
2015.08.27 18:13:02.295,1.10862,1.10874,1.00,1.00
2015.08.27 18:13:02.479,1.10856,1.10875,1.00,1.00
2015.08.27 18:13:02.583,1.10854,1.10879,1.00,1.00
2015.08.27 18:13:02.787,1.10849,1.10879,1.75,1.00
2015.08.27 18:13:03.099,1.10849,1.10884,1.75,1.00
2015.08.27 18:13:06.881,1.10851,1.10886,1.12,1.50
2015.08.27 18:13:10.591,1.10851,1.10879,1.00,1.00
2015.08.27 18:13:10.793,1.10845,1.10877,1.50,1.00
2015.08.27 18:13:11.070,1.10845,1.10876,1.75,1.00
2015.08.27 18:13:11.121,1.10845,1.1088,2.25,1.00
2015.08.27 18:13:11.273,1.10849,1.10883,1.75,1.00
2015.08.27 18:13:11.324,1.10849,1.1088,1.75,1.00
2015.08.27 18:13:11.912,1.10849,1.10876,1.75,1.00
2015.08.27 18:13:12.114,1.10846,1.1088,1.75,1.00
2015.08.27 18:13:14.085,1.10848,1.10879,1.75,1.00
2015.08.27 18:13:14.608,1.10848,1.1088,1.75,1.00
2015.08.27 18:13:15.157,1.10846,1.10879,1.75,1.00
2015.08.27 18:13:15.208,1.10846,1.10879,1.37,1.00
2015.08.27 18:13:15.743,1.10846,1.10879,1.00,1.50
2015.08.27 18:13:16.079,1.10846,1.1088,1.37,1.87
2015.08.27 18:13:16.383,1.10846,1.10881,1.75,1.00
2015.08.27 18:13:16.895,1.10849,1.10882,1.75,1.00
2015.08.27 18:13:19.056,1.10849,1.10883,1.75,1.00
2015.08.27 18:13:19.258,1.10857,1.10889,1.00,1.00
2015.08.27 18:13:19.309,1.10857,1.10889,1.50,1.00
2015.08.27 18:13:19.360,1.10857,1.10893,1.75,1.50
2015.08.27 18:13:24.377,1.1086,1.10894,1.75,1.00
2015.08.27 18:13:25.156,1.1086,1.10894,1.75,1.00
2015.08.27 18:13:25.212,1.10868,1.10899,1.00,1.00
2015.08.27 18:13:25.364,1.10867,1.10899,1.75,1.00
2015.08.27 18:13:25.415,1.10872,1.10902,1.00,1.50
2015.08.27 18:13:29.531,1.10872,1.10906,1.00,1.00
2015.08.27 18:13:29.682,1.10875,1.10908,1.00,1.00
2015.08.27 18:13:32.420,1.10872,1.10908,1.50,1.00
2015.08.27 18:13:32.957,1.10874,1.10908,1.75,1.00
2015.08.27 18:13:35.478,1.10874,1.10909,1.75,1.50
2015.08.27 18:13:45.487,1.10877,1.10909,1.50,1.00
2015.08.27 18:13:45.538,1.10877,1.10912,1.75,1.50
2015.08.27 18:13:47.302,1.10877,1.10912,1.50,1.50
2015.08.27 18:13:47.454,1.10877,1.10912,1.12,1.87
2015.08.27 18:13:47.960,1.10877,1.10912,1.00,2.25
2015.08.27 18:13:50.837,1.10874,1.1091,1.50,1.50
2015.08.27 18:13:52.158,1.10873,1.1091,1.75,1.37
2015.08.27 18:13:52.663,1.10877,1.1091,1.00,1.00
2015.08.27 18:13:58.357,1.10878,1.10911,1.00,1.00
2015.08.27 18:14:00.957,1.10878,1.10912,1.00,1.00
2015.08.27 18:14:02.406,1.10878,1.10912,1.37,1.00
2015.08.27 18:14:02.558,1.10878,1.10912,1.50,1.00
2015.08.27 18:14:06.342,1.10878,1.10913,1.50,1.00
2015.08.27 18:14:06.849,1.10881,1.10914,1.00,1.12
2015.08.27 18:14:10.084,1.10878,1.10913,1.50,1.00
2015.08.27 18:14:13.973,1.10881,1.10915,1.00,1.37
2015.08.27 18:14:16.447,1.10877,1.10912,1.75,1.00
2015.08.27 18:14:18.949,1.10879,1.10913,1.37,1.00
2015.08.27 18:14:19.470,1.10879,1.10913,1.00,1.12
2015.08.27 18:14:22.159,1.10879,1.10912,1.00,1.00
2015.08.27 18:14:22.919,1.10878,1.10912,1.12,1.00
2015.08.27 18:14:23.323,1.1088,1.10912,1.00,1.00
2015.08.27 18:14:24.597,1.10877,1.10912,1.37,1.50
2015.08.27 18:14:27.766,1.1088,1.10912,1.00,1.00
2015.08.27 18:14:29.555,1.10883,1.10912,1.00,1.00
2015.08.27 18:14:30.262,1.10879,1.10912,1.00,1.00
2015.08.27 18:14:33.325,1.10879,1.10913,1.00,1.12
2015.08.27 18:14:40.992,1.10879,1.10912,1.00,1.00
2015.08.27 18:14:43.389,1.10879,1.10916,1.00,2.25
2015.08.27 18:14:43.733,1.10884,1.10915,1.00,1.50
2015.08.27 18:14:44.037,1.10881,1.10915,1.00,1.50
2015.08.27 18:14:44.542,1.10881,1.10913,1.00,1.00
2015.08.27 18:14:47.472,1.10881,1.10913,1.37,1.00
2015.08.27 18:14:47.982,1.10882,1.10914,1.00,1.00
2015.08.27 18:14:48.600,1.10881,1.10911,1.00,1.00
2015.08.27 18:14:48.651,1.10878,1.10911,1.12,1.00
2015.08.27 18:14:51.655,1.10878,1.10913,1.12,1.50
2015.08.27 18:14:51.706,1.10882,1.10915,1.12,1.00
2015.08.27 18:14:51.858,1.10882,1.10917,1.87,1.12
2015.08.27 18:14:52.213,1.10885,1.10916,1.00,1.00
2015.08.27 18:14:52.536,1.10885,1.10914,1.00,1.00
2015.08.27 18:14:53.040,1.10885,1.10915,1.00,1.00
2015.08.27 18:14:53.606,1.10885,1.10914,1.00,1.00
2015.08.27 18:14:54.117,1.10886,1.10915,1.00,1.00
2015.08.27 18:14:56.575,1.10886,1.10914,1.00,1.00
2015.08.27 18:14:57.681,1.10886,1.10912,1.00,1.00
2015.08.27 18:14:58.024,1.10874,1.10911,2.25,1.00
2015.08.27 18:15:00.959,1.10878,1.10912,1.50,1.00
2015.08.27 18:15:02.048,1.10878,1.1091,1.50,1.00
2015.08.27 18:15:02.302,1.10878,1.10912,1.50,1.00
2015.08.27 18:15:02.353,1.10883,1.10912,1.00,1.00
2015.08.27 18:15:02.455,1.10886,1.10917,1.00,1.00
2015.08.27 18:15:02.629,1.10883,1.10917,1.00,1.12
2015.08.27 18:15:02.679,1.10883,1.10913,1.00,1.00
2015.08.27 18:15:02.933,1.10875,1.10912,1.37,1.37
2015.08.27 18:15:03.034,1.10875,1.10912,1.00,1.75
2015.08.27 18:15:03.135,1.10879,1.10913,1.00,1.00
2015.08.27 18:15:03.831,1.10882,1.10913,1.00,1.00
2015.08.27 18:15:04.438,1.10884,1.10913,1.00,1.00
2015.08.27 18:15:04.707,1.10882,1.10913,1.00,1.00
2015.08.27 18:15:05.729,1.10883,1.10913,1.00,1.00
2015.08.27 18:15:10.755,1.10882,1.10913,1.00,1.00
2015.08.27 18:15:11.528,1.10882,1.10906,1.00,1.00
2015.08.27 18:15:11.831,1.10884,1.10901,1.00,1.00
2015.08.27 18:15:13.017,1.10881,1.10901,1.00,1.00
2015.08.27 18:15:15.936,1.10881,1.10901,1.37,1.00
2015.08.27 18:15:22.238,1.10881,1.10902,1.50,1.00
2015.08.27 18:15:27.329,1.10881,1.10903,1.50,1.00
2015.08.27 18:15:34.305,1.10881,1.10903,1.75,1.00
2015.08.27 18:15:34.914,1.10885,1.10903,1.00,1.00
2015.08.27 18:15:35.520,1.10879,1.10903,1.75,1.00
2015.08.27 18:15:35.621,1.10879,1.10903,1.00,1.00
2015.08.27 18:15:36.082,1.10877,1.10903,1.00,1.00
2015.08.27 18:15:37.021,1.10878,1.10903,1.00,1.00
2015.08.27 18:15:37.172,1.10878,1.10903,1.37,1.00
2015.08.27 18:15:37.520,1.10883,1.10905,1.75,1.00
2015.08.27 18:15:38.396,1.10883,1.10905,1.75,1.00
2015.08.27 18:15:38.953,1.10883,1.10903,1.75,1.00
2015.08.27 18:15:39.004,1.10883,1.10903,1.00,1.00
2015.08.27 18:15:39.055,1.1088,1.10903,1.12,1.00
2015.08.27 18:15:40.001,1.1088,1.10903,1.75,1.00
2015.08.27 18:15:40.052,1.10882,1.10906,1.75,1.00
2015.08.27 18:15:41.974,1.10884,1.10902,1.75,1.00
2015.08.27 18:15:42.365,1.10881,1.10898,1.12,1.00
2015.08.27 18:15:43.900,1.10878,1.10898,1.75,1.00
2015.08.27 18:15:46.419,1.10881,1.10894,1.00,1.00
2015.08.27 18:15:46.521,1.10875,1.10891,1.00,1.00
2015.08.27 18:15:46.824,1.10878,1.10891,1.00,1.00
2015.08.27 18:15:48.058,1.10878,1.10894,1.00,1.00
2015.08.27 18:15:48.210,1.10875,1.10894,2.25,1.00
2015.08.27 18:15:48.261,1.10875,1.10898,2.25,1.00
2015.08.27 18:15:48.413,1.10875,1.10898,2.25,1.00
2015.08.27 18:15:49.281,1.10877,1.10895,1.75,1.00
2015.08.27 18:15:49.636,1.10877,1.10895,1.00,1.00
2015.08.27 18:15:50.154,1.10873,1.10895,1.75,1.00
2015.08.27 18:15:53.400,1.10873,1.1091,1.75,1.00
2015.08.27 18:15:53.773,1.10873,1.10903,1.75,1.00
2015.08.27 18:15:53.824,1.10868,1.10904,1.75,1.00
2015.08.27 18:15:53.925,1.10871,1.10906,1.50,1.12
2015.08.27 18:15:54.090,1.10867,1.10902,1.75,1.00
2015.08.27 18:15:54.242,1.10867,1.10902,1.50,1.00
2015.08.27 18:15:54.899,1.10867,1.10902,1.50,1.50
2015.08.27 18:15:56.251,1.1087,1.10905,1.12,1.00
2015.08.27 18:15:56.707,1.10872,1.10905,1.37,1.00
2015.08.27 18:15:56.758,1.10873,1.10908,1.75,1.00
2015.08.27 18:15:57.270,1.10877,1.10912,1.75,1.50
2015.08.27 18:16:00.909,1.10877,1.10912,1.75,1.00
2015.08.27 18:16:01.375,1.10882,1.10915,1.00,1.00
2015.08.27 18:16:02.480,1.10882,1.10913,1.00,1.00
2015.08.27 18:16:03.982,1.10882,1.10915,1.00,1.00
2015.08.27 18:16:05.820,1.10882,1.10917,1.00,1.00
2015.08.27 18:16:05.871,1.10884,1.10918,1.00,1.00
2015.08.27 18:16:06.545,1.10884,1.10919,1.37,1.37
2015.08.27 18:16:06.856,1.10888,1.10921,1.75,1.00
2015.08.27 18:16:07.262,1.10888,1.1092,1.00,1.50
2015.08.27 18:16:07.313,1.10888,1.10916,1.00,1.00
2015.08.27 18:16:07.363,1.10882,1.10916,1.00,1.75
2015.08.27 18:16:07.465,1.10879,1.10912,1.00,1.12
2015.08.27 18:16:08.009,1.10876,1.10911,1.75,1.00
2015.08.27 18:16:09.351,1.10873,1.10908,1.75,1.00
2015.08.27 18:16:09.707,1.10875,1.10912,1.75,1.87
2015.08.27 18:16:12.816,1.10875,1.1091,1.75,1.00
2015.08.27 18:16:19.493,1.10875,1.1091,1.37,1.37
2015.08.27 18:16:19.594,1.10875,1.1091,1.00,1.75
2015.08.27 18:16:21.998,1.10875,1.1091,1.75,1.00
2015.08.27 18:16:23.006,1.10875,1.10911,1.75,1.12
2015.08.27 18:16:27.274,1.10873,1.10908,1.75,1.00
2015.08.27 18:16:29.413,1.10876,1.10911,1.50,1.87
2015.08.27 18:16:36.522,1.10876,1.10911,1.75,1.50
2015.08.27 18:16:36.623,1.10876,1.10911,1.50,1.87
2015.08.27 18:16:38.521,1.10881,1.10915,1.75,1.00
2015.08.27 18:16:38.845,1.10881,1.10916,1.75,1.00
2015.08.27 18:16:38.896,1.10881,1.10918,1.75,1.00
2015.08.27 18:16:39.956,1.10885,1.10921,1.75,1.00
2015.08.27 18:16:44.201,1.10885,1.10922,1.75,1.00
2015.08.27 18:16:47.362,1.10889,1.10923,1.12,1.12
2015.08.27 18:16:49.231,1.10884,1.10921,1.75,1.00
2015.08.27 18:16:49.799,1.10888,1.10922,1.37,1.00
2015.08.27 18:16:54.019,1.10888,1.10922,1.37,1.00
2015.08.27 18:16:54.524,1.10891,1.10923,1.00,1.00
2015.08.27 18:16:57.547,1.10891,1.1092,1.00,1.00
2015.08.27 18:16:57.879,1.10881,1.10916,1.50,1.87
2015.08.27 18:16:57.930,1.10881,1.10916,1.75,1.50
2015.08.27 18:16:58.132,1.10881,1.10916,1.00,1.50
2015.08.27 18:16:58.850,1.10881,1.10915,1.00,1.00
2015.08.27 18:16:59.153,1.10881,1.10916,1.37,1.00
2015.08.27 18:16:59.457,1.10887,1.10922,1.75,1.00
2015.08.27 18:17:01.235,1.10887,1.10922,1.12,1.37
2015.08.27 18:17:10.106,1.10887,1.1092,1.12,1.12
2015.08.27 18:17:10.157,1.10887,1.1092,1.00,1.50
2015.08.27 18:17:10.534,1.10884,1.10919,1.00,1.37
2015.08.27 18:17:15.893,1.10884,1.10919,1.37,1.37
2015.08.27 18:17:15.994,1.10884,1.10919,1.75,1.00
2015.08.27 18:17:16.325,1.10884,1.10913,1.37,1.00
2015.08.27 18:17:16.376,1.1088,1.1091,1.75,1.00
2015.08.27 18:17:16.478,1.10875,1.1091,1.37,1.50
2015.08.27 18:17:16.832,1.10875,1.1091,1.75,1.00
2015.08.27 18:17:17.170,1.10879,1.10913,1.50,1.00
2015.08.27 18:17:20.804,1.10879,1.10914,1.50,1.00
2015.08.27 18:17:20.906,1.10879,1.10914,1.75,1.00
2015.08.27 18:17:21.108,1.10886,1.1092,1.50,1.00
2015.08.27 18:17:21.572,1.10886,1.1092,1.00,1.75
2015.08.27 18:17:21.877,1.10877,1.10912,1.75,1.50
2015.08.27 18:17:21.928,1.1088,1.10912,1.00,1.00
2015.08.27 18:17:22.433,1.10877,1.10912,1.75,1.00
2015.08.27 18:17:24.195,1.1088,1.10915,1.37,1.00
2015.08.27 18:17:24.929,1.10883,1.10916,1.00,1.12
2015.08.27 18:17:25.234,1.10883,1.1092,1.75,1.00
2015.08.27 18:17:26.512,1.10886,1.10921,1.37,1.50
2015.08.27 18:17:30.069,1.10886,1.10917,1.37,1.00
2015.08.27 18:17:31.317,1.10886,1.10912,1.37,1.00
2015.08.27 18:17:31.574,1.10881,1.1091,1.00,1.00
2015.08.27 18:17:31.727,1.10875,1.1091,1.75,1.50
2015.08.27 18:17:33.012,1.10877,1.1091,1.37,1.00
2015.08.27 18:17:33.163,1.10884,1.10912,1.12,1.00
2015.08.27 18:17:33.432,1.10886,1.10912,1.00,1.00
2015.08.27 18:17:33.636,1.10886,1.10917,1.00,1.00
2015.08.27 18:17:33.790,1.10886,1.10909,1.00,1.00
2015.08.27 18:17:33.944,1.10884,1.10909,1.00,1.00
2015.08.27 18:17:34.046,1.1088,1.10909,1.12,1.00
2015.08.27 18:17:34.250,1.10884,1.10909,1.00,1.00
2015.08.27 18:17:34.725,1.10884,1.10913,1.00,1.00
2015.08.27 18:17:35.129,1.10889,1.10913,1.00,1.00
2015.08.27 18:17:35.393,1.10886,1.10913,1.00,1.00
2015.08.27 18:17:35.499,1.10889,1.10913,1.00,1.00
2015.08.27 18:17:35.651,1.10889,1.10918,1.12,1.00
2015.08.27 18:17:35.752,1.1089,1.10918,1.50,1.00
2015.08.27 18:17:36.157,1.10893,1.10918,1.00,1.00
2015.08.27 18:17:36.500,1.1089,1.10915,1.00,1.00
2015.08.27 18:17:36.602,1.10888,1.10915,1.00,1.00
2015.08.27 18:17:36.776,1.10891,1.10915,1.00,1.00
2015.08.27 18:17:37.708,1.10887,1.10915,1.12,1.00
2015.08.27 18:17:38.132,1.10889,1.10915,1.00,1.00
2015.08.27 18:17:38.745,1.10887,1.10915,1.50,1.00
2015.08.27 18:17:39.048,1.10886,1.10911,1.75,1.00
2015.08.27 18:17:39.251,1.10882,1.10907,1.00,1.00
2015.08.27 18:17:39.353,1.10881,1.10903,1.00,1.00
2015.08.27 18:17:39.404,1.10881,1.10906,1.00,1.00
2015.08.27 18:17:39.556,1.10887,1.10906,1.00,1.00
2015.08.27 18:17:39.686,1.10887,1.1091,1.00,1.00
2015.08.27 18:17:39.989,1.10884,1.1091,1.00,1.00
2015.08.27 18:17:42.015,1.10883,1.1091,1.87,1.00
2015.08.27 18:17:42.066,1.10886,1.1091,1.00,1.00
2015.08.27 18:17:42.420,1.10884,1.1091,1.00,1.00
2015.08.27 18:17:42.903,1.10884,1.10905,1.00,1.00
2015.08.27 18:17:43.202,1.10869,1.10897,1.00,1.00
2015.08.27 18:17:43.253,1.10869,1.10897,1.75,1.00
2015.08.27 18:17:43.305,1.10869,1.10902,1.75,1.00
2015.08.27 18:17:43.356,1.10874,1.10902,1.00,1.00
2015.08.27 18:17:43.660,1.10874,1.10904,1.00,1.00
2015.08.27 18:17:44.693,1.10875,1.10904,1.00,1.00
2015.08.27 18:17:45.267,1.10879,1.10904,1.00,1.00
2015.08.27 18:17:45.705,1.10879,1.10908,1.00,1.00
2015.08.27 18:17:45.807,1.10881,1.10909,1.50,1.00
2015.08.27 18:17:45.857,1.10881,1.10913,1.50,1.00
2015.08.27 18:17:45.908,1.10885,1.10913,1.00,1.00
2015.08.27 18:17:46.370,1.10887,1.10913,1.00,1.00
2015.08.27 18:17:46.903,1.10886,1.10913,1.00,1.00
2015.08.27 18:17:47.934,1.10886,1.10916,1.00,1.00
2015.08.27 18:17:48.545,1.10887,1.10916,1.00,1.00
2015.08.27 18:17:49.219,1.10886,1.10916,1.50,1.00
2015.08.27 18:17:49.422,1.10886,1.1092,1.50,1.50
2015.08.27 18:17:49.473,1.10892,1.1092,1.00,1.00
2015.08.27 18:17:49.776,1.10889,1.10912,1.00,1.00
2015.08.27 18:17:49.878,1.10886,1.10912,1.00,1.00
2015.08.27 18:17:49.979,1.10884,1.10912,1.00,1.00
2015.08.27 18:17:50.270,1.10882,1.10912,1.00,1.00
2015.08.27 18:17:51.089,1.10881,1.10912,1.00,1.00
2015.08.27 18:17:51.572,1.10881,1.10912,1.37,1.00
2015.08.27 18:17:51.892,1.10891,1.10914,1.00,1.00
2015.08.27 18:17:52.195,1.10891,1.10919,1.12,1.00
2015.08.27 18:17:52.296,1.10894,1.10919,1.00,1.00
2015.08.27 18:17:53.964,1.10896,1.10919,1.00,1.00
2015.08.27 18:17:54.551,1.10897,1.10919,1.00,1.00
2015.08.27 18:17:55.057,1.10898,1.10919,1.00,1.00
2015.08.27 18:17:57.343,1.10897,1.10919,1.00,1.00
2015.08.27 18:17:57.965,1.10898,1.10919,1.00,1.00
2015.08.27 18:17:58.153,1.10894,1.10919,1.00,1.00
2015.08.27 18:17:58.654,1.10893,1.10919,1.00,1.00
2015.08.27 18:17:58.818,1.10895,1.10924,1.00,1.00
2015.08.27 18:17:58.920,1.10895,1.10924,1.75,1.00
2015.08.27 18:17:59.472,1.10897,1.10924,1.50,1.00
2015.08.27 18:17:59.879,1.10899,1.10924,1.00,1.00
2015.08.27 18:18:00.248,1.10899,1.1092,1.00,1.00
2015.08.27 18:18:00.552,1.10887,1.1091,1.00,1.00
2015.08.27 18:18:00.754,1.10885,1.1091,1.00,1.00
2015.08.27 18:18:00.906,1.10888,1.1091,1.00,1.00
2015.08.27 18:18:01.180,1.10887,1.10915,1.12,1.00
2015.08.27 18:18:01.231,1.10889,1.10915,1.00,1.00
2015.08.27 18:18:01.744,1.10888,1.10915,1.00,1.00
2015.08.27 18:18:02.940,1.10888,1.10915,1.37,1.00
2015.08.27 18:18:03.869,1.10891,1.10918,1.00,1.00
2015.08.27 18:18:04.955,1.10893,1.10918,1.00,1.00
2015.08.27 18:18:06.612,1.10892,1.10918,1.00,1.00
2015.08.27 18:18:07.374,1.10891,1.10918,1.50,1.00
2015.08.27 18:18:10.124,1.10894,1.10918,1.00,1.00
2015.08.27 18:18:10.427,1.10901,1.10918,1.00,1.00
2015.08.27 18:18:10.993,1.10901,1.10922,1.00,1.00
2015.08.27 18:18:11.095,1.10897,1.10922,1.00,1.00
2015.08.27 18:18:11.348,1.10895,1.10922,1.00,1.00
2015.08.27 18:18:11.601,1.10895,1.10919,1.00,1.00
2015.08.27 18:18:11.652,1.10893,1.10919,1.50,1.00
2015.08.27 18:18:14.665,1.10894,1.10919,1.00,1.00
2015.08.27 18:18:16.753,1.10894,1.1092,1.00,1.00
2015.08.27 18:18:20.882,1.10895,1.1092,1.00,1.00
2015.08.27 18:18:21.105,1.10897,1.1092,1.00,1.00
2015.08.27 18:18:21.620,1.10896,1.1092,1.00,1.00
2015.08.27 18:18:22.161,1.10897,1.1092,1.00,1.00
2015.08.27 18:18:22.684,1.10898,1.1092,1.00,1.00
2015.08.27 18:18:24.883,1.10897,1.1092,1.00,1.00
2015.08.27 18:18:26.210,1.10895,1.10924,1.87,1.00
2015.08.27 18:18:26.261,1.10899,1.10924,1.00,1.00
2015.08.27 18:18:26.564,1.10905,1.10924,1.00,1.00
2015.08.27 18:18:26.615,1.10903,1.10924,1.00,1.00
2015.08.27 18:18:26.862,1.10902,1.10928,1.00,1.00
2015.08.27 18:18:27.215,1.10905,1.10928,1.00,1.00
2015.08.27 18:18:27.721,1.10906,1.10928,1.00,1.00
2015.08.27 18:18:28.244,1.10905,1.10928,1.00,1.00
2015.08.27 18:18:28.912,1.10906,1.10928,1.00,1.00
2015.08.27 18:18:30.972,1.10906,1.10932,1.37,1.00
2015.08.27 18:18:32.782,1.10905,1.10932,1.00,1.00
2015.08.27 18:18:32.884,1.10904,1.10927,1.00,1.00
2015.08.27 18:18:33.159,1.10898,1.10923,1.00,1.00
2015.08.27 18:18:33.210,1.10894,1.10923,1.00,1.00
2015.08.27 18:18:38.511,1.10894,1.10922,1.00,1.00
2015.08.27 18:18:39.033,1.10893,1.10922,1.12,1.00
2015.08.27 18:18:41.062,1.10893,1.10922,1.87,1.00
2015.08.27 18:18:41.584,1.10896,1.10922,1.00,1.00
2015.08.27 18:18:42.989,1.10898,1.10922,1.00,1.00
2015.08.27 18:18:43.090,1.10896,1.10922,1.50,1.00
2015.08.27 18:18:43.649,1.10899,1.10922,1.00,1.00
2015.08.27 18:18:44.074,1.10896,1.10922,1.50,1.00
2015.08.27 18:18:44.287,1.10896,1.10924,1.50,1.00
2015.08.27 18:18:45.508,1.10896,1.10928,2.25,1.00
2015.08.27 18:18:45.559,1.10898,1.10928,1.50,1.00
2015.08.27 18:18:45.862,1.10905,1.10928,1.00,1.00
2015.08.27 18:18:46.305,1.10908,1.10928,1.00,1.00
2015.08.27 18:18:46.466,1.10905,1.10928,1.00,1.00
2015.08.27 18:18:46.960,1.10903,1.10928,1.50,1.00
2015.08.27 18:18:48.873,1.10905,1.10928,1.00,1.00
2015.08.27 18:18:50.181,1.10906,1.10928,1.00,1.00
2015.08.27 18:18:50.232,1.10906,1.1093,1.00,1.00
2015.08.27 18:18:50.623,1.1091,1.1093,1.00,1.00
2015.08.27 18:18:50.836,1.10909,1.10934,1.00,1.00
2015.08.27 18:18:52.912,1.10911,1.10934,1.00,1.00
2015.08.27 18:18:53.435,1.10912,1.10934,1.00,1.00
2015.08.27 18:18:55.245,1.10913,1.10934,1.00,1.00
2015.08.27 18:18:56.122,1.10912,1.10934,1.00,1.00
2015.08.27 18:18:59.613,1.10909,1.10934,1.00,1.00
2015.08.27 18:19:00.114,1.1091,1.10934,1.00,1.00
2015.08.27 18:19:00.819,1.10909,1.10934,1.00,1.00
2015.08.27 18:19:01.369,1.10912,1.10934,1.00,1.00
2015.08.27 18:19:01.926,1.1091,1.10934,1.50,1.00
2015.08.27 18:19:03.028,1.10912,1.10934,1.00,1.00
2015.08.27 18:19:03.697,1.10913,1.10934,1.00,1.00
2015.08.27 18:19:04.233,1.10912,1.10934,1.00,1.00
2015.08.27 18:19:05.554,1.10905,1.10934,1.75,1.00
2015.08.27 18:19:06.137,1.10905,1.10933,1.75,1.00
2015.08.27 18:19:17.884,1.10898,1.10933,2.32,1.50
2015.08.27 18:19:17.935,1.10898,1.1093,1.85,1.00
2015.08.27 18:19:24.800,1.10897,1.10929,1.75,1.00
2015.08.27 18:19:27.875,1.10897,1.10929,1.50,1.00
2015.08.27 18:19:28.009,1.10897,1.10929,1.12,1.00
2015.08.27 18:19:30.275,1.10897,1.10927,1.12,1.00
2015.08.27 18:19:31.576,1.10895,1.10926,1.75,1.00
2015.08.27 18:19:31.880,1.10895,1.10923,2.25,1.00
2015.08.27 18:19:37.573,1.10895,1.10924,1.75,1.00
2015.08.27 18:19:40.333,1.10901,1.10928,1.00,1.00
2015.08.27 18:19:40.637,1.10904,1.10931,1.50,1.00
2015.08.27 18:19:46.400,1.10897,1.10928,3.00,1.00
2015.08.27 18:19:46.501,1.10897,1.10928,1.87,1.00
2015.08.27 18:19:46.603,1.10897,1.10925,1.87,1.00
2015.08.27 18:19:56.862,1.10895,1.10924,1.75,1.00
2015.08.27 18:20:00.097,1.10892,1.10928,2.25,1.00
2015.08.27 18:20:00.148,1.10892,1.10928,2.25,1.00
2015.08.27 18:20:01.583,1.10906,1.10931,1.00,1.00
2015.08.27 18:20:01.634,1.10906,1.10933,1.00,1.00
2015.08.27 18:20:01.735,1.10907,1.10933,1.75,1.00
2015.08.27 18:20:02.039,1.10912,1.10933,1.00,1.00
2015.08.27 18:20:02.191,1.10912,1.10936,1.00,1.00
2015.08.27 18:20:04.641,1.10912,1.10936,1.75,1.00
2015.08.27 18:20:04.856,1.10912,1.10936,1.00,1.00
2015.08.27 18:20:04.907,1.10918,1.10936,1.00,1.00
2015.08.27 18:20:05.009,1.10912,1.10936,1.00,1.00
2015.08.27 18:20:05.363,1.10912,1.10932,1.00,1.00
2015.08.27 18:20:05.765,1.1091,1.10932,1.00,1.00
2015.08.27 18:20:06.247,1.1091,1.10928,1.00,1.00
2015.08.27 18:20:06.868,1.10906,1.10928,1.00,1.00
2015.08.27 18:20:08.107,1.10911,1.10928,1.00,1.00
2015.08.27 18:20:09.111,1.10907,1.10925,1.00,1.00
2015.08.27 18:20:09.263,1.10902,1.10925,1.00,1.00
2015.08.27 18:20:10.472,1.10898,1.10925,1.50,1.00
2015.08.27 18:20:10.786,1.10898,1.1092,1.00,1.00
2015.08.27 18:20:11.527,1.10893,1.1092,1.75,1.00
2015.08.27 18:20:12.325,1.10892,1.10916,1.75,1.00
2015.08.27 18:20:14.298,1.10894,1.10916,1.75,1.00
2015.08.27 18:20:14.913,1.10893,1.10919,1.75,1.00
2015.08.27 18:20:15.216,1.10897,1.10923,1.50,1.00
2015.08.27 18:20:15.367,1.10897,1.10927,1.50,1.00
2015.08.27 18:20:15.418,1.1091,1.10927,1.00,1.00
2015.08.27 18:20:15.746,1.10912,1.10927,1.00,1.00
2015.08.27 18:20:16.150,1.10912,1.10931,1.00,1.00
2015.08.27 18:20:16.602,1.10914,1.10931,1.00,1.00
2015.08.27 18:20:17.055,1.10916,1.10931,1.00,1.00
2015.08.27 18:20:17.755,1.10915,1.10931,1.00,1.00
2015.08.27 18:20:18.727,1.10916,1.10931,1.00,1.00
2015.08.27 18:20:19.032,1.10919,1.10931,1.00,1.00
2015.08.27 18:20:19.082,1.10919,1.10936,1.00,1.00
2015.08.27 18:20:19.591,1.1092,1.10936,1.00,1.00
2015.08.27 18:20:20.118,1.10919,1.10936,1.00,1.00
2015.08.27 18:20:20.825,1.1092,1.10936,1.00,1.00
2015.08.27 18:20:21.028,1.10911,1.10936,1.75,1.00
2015.08.27 18:20:21.892,1.10913,1.10936,1.00,1.00
2015.08.27 18:20:24.654,1.10913,1.10933,1.00,1.00
2015.08.27 18:20:27.444,1.10908,1.10933,1.00,1.00
2015.08.27 18:20:27.495,1.10905,1.10933,1.75,1.00
2015.08.27 18:20:29.811,1.10908,1.10932,1.75,1.00
2015.08.27 18:20:32.938,1.10905,1.10932,1.50,1.00
2015.08.27 18:20:33.474,1.10903,1.10931,1.75,1.00
2015.08.27 18:20:33.582,1.10903,1.10929,1.75,1.00
2015.08.27 18:20:37.292,1.1091,1.10929,1.00,1.00
2015.08.27 18:20:37.393,1.1091,1.10932,1.00,1.00
2015.08.27 18:20:38.829,1.1091,1.10938,1.00,1.50
2015.08.27 18:20:44.512,1.10908,1.10938,1.75,1.00
2015.08.27 18:20:49.709,1.10911,1.10938,1.00,1.00
2015.08.27 18:20:50.262,1.10912,1.10938,1.00,1.00
2015.08.27 18:20:51.221,1.10912,1.10941,1.00,1.00
2015.08.27 18:20:51.271,1.10922,1.10941,1.00,1.00
2015.08.27 18:20:51.322,1.10922,1.10951,1.00,1.12
2015.08.27 18:20:51.454,1.10925,1.10951,1.37,1.00
2015.08.27 18:20:51.708,1.10925,1.10948,1.75,1.00
2015.08.27 18:21:02.408,1.10921,1.10948,1.00,1.00
2015.08.27 18:21:02.914,1.10911,1.10945,1.12,1.00
2015.08.27 18:21:03.914,1.1092,1.10948,1.75,1.00
2015.08.27 18:21:04.066,1.10925,1.10951,1.00,1.00
2015.08.27 18:21:04.117,1.10924,1.10951,1.75,1.00
2015.08.27 18:21:04.219,1.1092,1.10951,1.12,1.00
2015.08.27 18:21:04.471,1.10921,1.10951,1.75,1.00
2015.08.27 18:21:04.790,1.10926,1.10948,1.00,1.00
2015.08.27 18:21:05.074,1.10926,1.10951,1.00,1.00
2015.08.27 18:21:05.177,1.10923,1.10951,1.75,1.00
2015.08.27 18:21:08.446,1.10923,1.10951,1.75,1.00
2015.08.27 18:21:08.497,1.10923,1.10947,1.75,1.00
2015.08.27 18:21:10.131,1.10925,1.1095,1.75,1.00
2015.08.27 18:21:11.914,1.10935,1.1095,1.37,1.00
2015.08.27 18:21:12.066,1.10934,1.1095,1.00,1.00
2015.08.27 18:21:12.118,1.10932,1.10958,1.00,1.00
2015.08.27 18:21:12.291,1.10932,1.10951,1.00,1.00
2015.08.27 18:21:21.625,1.10928,1.10951,2.25,1.00
2015.08.27 18:21:21.828,1.10937,1.10954,1.75,1.00
2015.08.27 18:21:22.084,1.10931,1.10952,1.00,1.00
2015.08.27 18:21:22.186,1.10925,1.10952,1.12,1.00
2015.08.27 18:21:22.238,1.10925,1.1095,1.12,1.00
2015.08.27 18:21:22.390,1.10915,1.10948,1.82,1.00
2015.08.27 18:21:22.592,1.10914,1.10946,1.75,1.00
2015.08.27 18:21:22.980,1.10911,1.10943,1.75,1.00
2015.08.27 18:21:25.195,1.10909,1.10941,1.75,1.00
2015.08.27 18:21:31.391,1.10907,1.1094,1.75,1.00
2015.08.27 18:21:32.672,1.10913,1.1094,2.25,1.00
2015.08.27 18:21:32.773,1.10917,1.10943,1.00,1.50
2015.08.27 18:21:33.026,1.10917,1.10939,1.00,1.00
2015.08.27 18:21:33.127,1.10908,1.10939,1.75,1.00
2015.08.27 18:21:33.558,1.10908,1.10939,1.75,1.00
2015.08.27 18:21:38.121,1.10907,1.1094,1.75,1.00
2015.08.27 18:21:39.889,1.10907,1.1094,1.75,1.00
2015.08.27 18:21:39.944,1.1091,1.1094,1.00,1.00
2015.08.27 18:21:41.352,1.1091,1.10935,1.00,1.00
2015.08.27 18:21:41.604,1.10904,1.1093,1.12,1.00
2015.08.27 18:21:41.655,1.10896,1.1093,1.75,1.00
2015.08.27 18:21:42.178,1.10897,1.1093,1.50,1.00
2015.08.27 18:21:42.885,1.10898,1.1093,1.75,1.00
2015.08.27 18:21:43.087,1.10898,1.1093,1.75,1.00
2015.08.27 18:21:43.189,1.10898,1.1093,1.75,1.00
2015.08.27 18:21:43.732,1.10903,1.1093,1.00,1.00
2015.08.27 18:21:43.935,1.10896,1.1093,1.75,1.00
2015.08.27 18:21:45.978,1.10896,1.1093,1.50,1.50
2015.08.27 18:21:46.079,1.109,1.1093,1.00,1.50
2015.08.27 18:21:46.484,1.109,1.10928,1.00,1.00
2015.08.27 18:21:53.767,1.10897,1.10928,1.75,1.00
2015.08.27 18:21:54.070,1.10897,1.10928,1.75,1.00
2015.08.27 18:21:55.822,1.109,1.10928,1.00,1.00
2015.08.27 18:21:58.354,1.109,1.10926,1.00,1.00
2015.08.27 18:21:58.710,1.109,1.10928,1.00,1.00
2015.08.27 18:22:01.198,1.109,1.10925,1.00,1.00
2015.08.27 18:22:01.674,1.10899,1.10928,1.00,1.50
2015.08.27 18:22:02.179,1.10898,1.10928,1.00,1.50
2015.08.27 18:22:02.280,1.10898,1.10924,1.00,1.00
2015.08.27 18:22:03.024,1.10899,1.10924,1.00,1.00
2015.08.27 18:22:03.328,1.10894,1.10924,1.75,1.00
2015.08.27 18:22:04.035,1.10898,1.10924,1.00,1.00
2015.08.27 18:22:04.136,1.10896,1.10924,1.00,1.00
2015.08.27 18:22:04.322,1.10896,1.10928,1.50,1.00
2015.08.27 18:22:05.331,1.10896,1.10931,1.50,1.50
2015.08.27 18:22:05.555,1.10903,1.10931,1.75,1.50
2015.08.27 18:22:05.606,1.10908,1.10937,1.37,1.50
2015.08.27 18:22:06.112,1.10908,1.10937,1.75,1.00
2015.08.27 18:22:16.115,1.1091,1.10939,1.75,1.00
2015.08.27 18:22:22.050,1.10908,1.10937,1.75,1.00
2015.08.27 18:22:22.353,1.10904,1.10933,1.75,1.00
2015.08.27 18:22:22.657,1.10899,1.10929,3.00,1.00
2015.08.27 18:22:22.911,1.10903,1.10932,1.75,1.00
2015.08.27 18:22:22.962,1.10903,1.10932,1.75,1.00
2015.08.27 18:22:23.483,1.10901,1.10933,3.37,1.00
2015.08.27 18:22:23.585,1.10901,1.10932,1.75,1.00
2015.08.27 18:22:23.686,1.10911,1.10932,1.00,1.00
2015.08.27 18:22:24.193,1.10911,1.10933,1.00,1.00
2015.08.27 18:22:24.430,1.10911,1.10937,1.00,1.00
2015.08.27 18:22:29.158,1.10911,1.10936,1.00,1.00
2015.08.27 18:22:29.703,1.10912,1.10936,1.00,1.50
2015.08.27 18:22:30.918,1.10911,1.10936,1.50,1.00
2015.08.27 18:22:32.578,1.10911,1.10936,1.50,1.00
2015.08.27 18:22:32.629,1.10911,1.10939,1.75,1.00
2015.08.27 18:22:34.085,1.10911,1.10934,1.37,1.00
2015.08.27 18:22:34.136,1.10906,1.10934,1.75,1.00
2015.08.27 18:22:34.388,1.10906,1.1093,1.75,1.00
2015.08.27 18:22:40.293,1.10902,1.10932,2.25,1.00
2015.08.27 18:22:43.690,1.10909,1.10936,1.37,1.00
2015.08.27 18:22:44.233,1.10909,1.10937,1.37,1.00
2015.08.27 18:22:48.918,1.1091,1.10938,1.12,1.00
2015.08.27 18:22:49.540,1.1091,1.10934,1.12,1.00
2015.08.27 18:22:49.736,1.10907,1.10934,1.00,1.00
2015.08.27 18:22:55.292,1.10907,1.10932,1.00,1.00
2015.08.27 18:22:57.539,1.10903,1.10932,1.50,1.00
2015.08.27 18:22:57.793,1.10902,1.10932,2.25,1.00
2015.08.27 18:23:04.847,1.10902,1.10932,1.12,1.50
2015.08.27 18:23:04.898,1.10902,1.10929,1.12,1.00
2015.08.27 18:23:10.477,1.10901,1.10928,3.00,1.00
2015.08.27 18:23:11.334,1.10903,1.10928,1.00,1.00
2015.08.27 18:23:11.868,1.10901,1.10928,3.00,1.00
2015.08.27 18:23:12.916,1.10901,1.10929,2.25,1.00
2015.08.27 18:23:12.967,1.10901,1.10932,2.25,1.00
2015.08.27 18:23:13.570,1.10903,1.10932,1.00,1.00
2015.08.27 18:23:14.077,1.10902,1.10932,1.12,1.00
2015.08.27 18:23:15.569,1.10903,1.10932,1.50,1.00
2015.08.27 18:23:15.620,1.10903,1.10932,1.87,1.00
2015.08.27 18:23:15.974,1.10901,1.10931,1.37,1.00
2015.08.27 18:23:16.155,1.10902,1.10932,1.00,1.00
2015.08.27 18:23:16.973,1.10901,1.10932,1.00,1.00
2015.08.27 18:23:19.008,1.10901,1.1093,1.00,1.00
2015.08.27 18:23:19.961,1.10902,1.1093,1.00,1.00
2015.08.27 18:23:21.288,1.10901,1.1093,1.00,1.00
2015.08.27 18:23:21.841,1.109,1.1093,2.25,1.00
2015.08.27 18:23:22.370,1.10901,1.1093,1.00,1.00
2015.08.27 18:23:25.136,1.10901,1.10929,1.00,1.00
2015.08.27 18:23:25.946,1.10901,1.10929,1.75,1.00
2015.08.27 18:23:34.625,1.10902,1.10932,3.00,1.00
2015.08.27 18:23:34.778,1.10905,1.10932,1.00,1.00
2015.08.27 18:23:35.283,1.10902,1.10932,1.75,1.00
2015.08.27 18:23:39.601,1.10903,1.10931,1.75,1.00
2015.08.27 18:23:39.993,1.10904,1.10931,1.12,1.00
2015.08.27 18:23:46.345,1.10904,1.10931,1.37,1.00
2015.08.27 18:23:46.446,1.10907,1.10934,1.00,1.00
2015.08.27 18:23:46.975,1.10906,1.10934,1.00,1.00
2015.08.27 18:23:51.597,1.10906,1.10932,1.00,1.00
2015.08.27 18:23:52.289,1.10906,1.10931,1.00,1.00
2015.08.27 18:23:52.796,1.10906,1.10932,1.00,1.00
2015.08.27 18:23:53.397,1.10906,1.10931,1.00,1.00
2015.08.27 18:23:53.899,1.10906,1.10932,1.00,1.00
2015.08.27 18:23:57.981,1.10906,1.10931,1.00,1.00
2015.08.27 18:23:58.494,1.10906,1.1093,1.00,1.50
2015.08.27 18:24:04.494,1.10904,1.1093,1.50,1.00
2015.08.27 18:24:04.982,1.10906,1.1093,1.00,1.00
2015.08.27 18:24:05.756,1.10905,1.1093,1.00,1.00
2015.08.27 18:24:06.338,1.10904,1.1093,1.50,1.00
2015.08.27 18:24:07.962,1.10905,1.1093,1.00,1.00
2015.08.27 18:24:08.480,1.10904,1.10929,1.50,1.00
2015.08.27 18:24:09.611,1.10904,1.10925,1.50,1.00
2015.08.27 18:24:09.662,1.10904,1.10928,1.50,1.00
2015.08.27 18:24:09.813,1.10904,1.10931,1.00,1.00
2015.08.27 18:24:10.167,1.10902,1.10935,3.00,1.00
2015.08.27 18:24:10.218,1.10912,1.10938,1.00,1.50
2015.08.27 18:24:10.269,1.10912,1.1094,1.37,1.00
2015.08.27 18:24:10.320,1.10911,1.10943,1.75,1.50
2015.08.27 18:24:13.736,1.10912,1.1094,1.75,1.00
2015.08.27 18:24:13.938,1.10912,1.1094,1.00,1.00
2015.08.27 18:24:13.989,1.1091,1.1094,1.00,1.00
2015.08.27 18:24:14.380,1.10911,1.1094,1.37,1.00
2015.08.27 18:24:14.890,1.10911,1.1094,1.75,1.00
2015.08.27 18:24:18.828,1.1091,1.10938,1.75,1.00
2015.08.27 18:24:22.084,1.1091,1.10935,1.75,1.00
2015.08.27 18:24:22.337,1.10903,1.10931,2.25,1.00
2015.08.27 18:24:22.489,1.10907,1.10931,1.12,1.00
2015.08.27 18:24:22.591,1.10907,1.10934,1.50,1.50
2015.08.27 18:24:22.642,1.10907,1.10937,1.50,1.00
2015.08.27 18:24:23.332,1.10908,1.10933,1.37,1.00
2015.08.27 18:24:23.383,1.10907,1.10938,1.75,1.00
2015.08.27 18:24:23.434,1.10907,1.10935,1.75,1.00
2015.08.27 18:24:23.535,1.10908,1.10938,1.75,1.00
2015.08.27 18:24:23.839,1.10907,1.10941,2.25,1.50
2015.08.27 18:24:24.839,1.10909,1.10938,1.75,1.00
2015.08.27 18:24:24.941,1.10911,1.10938,1.00,1.00
2015.08.27 18:24:27.095,1.10907,1.10938,1.75,1.50
2015.08.27 18:24:31.755,1.10909,1.10938,1.50,1.00
2015.08.27 18:24:32.366,1.10909,1.10936,1.00,1.00
2015.08.27 18:24:32.670,1.10913,1.10934,1.00,1.00
2015.08.27 18:24:32.860,1.10913,1.10938,1.00,1.50
2015.08.27 18:24:33.953,1.10908,1.10938,1.75,1.00
2015.08.27 18:24:34.267,1.10911,1.10937,1.75,1.00
2015.08.27 18:24:34.318,1.10914,1.1094,1.12,1.50
2015.08.27 18:24:35.659,1.10915,1.1094,1.00,1.50
2015.08.27 18:24:35.911,1.10917,1.1094,1.37,1.00
2015.08.27 18:24:35.962,1.10918,1.10943,1.75,1.00
2015.08.27 18:24:36.063,1.10919,1.10943,1.00,1.00
2015.08.27 18:24:36.564,1.10919,1.10944,1.00,1.00
2015.08.27 18:24:40.428,1.10919,1.10944,1.50,1.00
2015.08.27 18:24:40.580,1.10919,1.10944,1.50,1.00
2015.08.27 18:24:40.978,1.10919,1.10946,1.50,1.00
2015.08.27 18:24:46.304,1.10919,1.10945,1.50,1.00
2015.08.27 18:24:47.407,1.10918,1.10945,1.00,1.00
2015.08.27 18:24:47.937,1.10915,1.10945,1.75,1.50
2015.08.27 18:24:52.418,1.10913,1.10942,2.25,1.00
2015.08.27 18:24:52.879,1.10913,1.1094,1.50,1.00
2015.08.27 18:24:57.061,1.10912,1.10938,1.75,1.00
2015.08.27 18:24:57.370,1.10912,1.1094,1.75,1.00
2015.08.27 18:24:57.531,1.10912,1.10936,1.75,1.00
2015.08.27 18:25:02.085,1.10912,1.10937,1.75,1.00
2015.08.27 18:25:02.187,1.10912,1.10941,1.75,1.00
2015.08.27 18:25:02.638,1.10912,1.10937,1.75,1.00
2015.08.27 18:25:12.242,1.10912,1.10937,1.75,1.00
2015.08.27 18:25:12.786,1.10912,1.1094,1.75,1.00
2015.08.27 18:25:14.122,1.10911,1.10937,1.50,1.00
2015.08.27 18:25:14.375,1.10914,1.10937,1.00,1.00
2015.08.27 18:25:14.679,1.10917,1.10939,1.75,1.00
2015.08.27 18:25:14.730,1.10912,1.10939,1.50,1.00
2015.08.27 18:25:15.143,1.10912,1.10937,1.00,1.00
2015.08.27 18:25:15.396,1.10909,1.10937,1.12,1.00
2015.08.27 18:25:15.548,1.10909,1.10937,1.75,1.00
2015.08.27 18:25:17.456,1.10909,1.10937,1.50,1.00
2015.08.27 18:25:17.557,1.10909,1.10934,1.50,1.00
2015.08.27 18:25:17.861,1.10899,1.10925,1.00,1.00
2015.08.27 18:25:17.963,1.10899,1.10927,1.00,1.00
2015.08.27 18:25:18.013,1.10899,1.10923,1.00,1.00
2015.08.27 18:25:21.338,1.10899,1.1092,1.00,1.00
2015.08.27 18:25:21.441,1.10894,1.1092,2.25,1.00
2015.08.27 18:25:21.846,1.10894,1.10922,2.25,1.00
2015.08.27 18:25:22.523,1.10894,1.10918,1.75,1.00
2015.08.27 18:25:23.800,1.10893,1.10916,1.75,1.00
2015.08.27 18:25:23.850,1.10897,1.10922,1.00,1.00
2015.08.27 18:25:24.355,1.1089,1.10915,1.75,1.00
2015.08.27 18:25:24.507,1.10889,1.10918,1.75,1.00
2015.08.27 18:25:24.876,1.10889,1.10918,1.00,1.00
2015.08.27 18:25:25.028,1.1089,1.10918,1.75,1.00
2015.08.27 18:25:25.079,1.1089,1.1092,1.75,1.00
2015.08.27 18:25:25.281,1.10896,1.1092,1.00,1.00
2015.08.27 18:25:25.382,1.10893,1.1092,1.37,1.00
2015.08.27 18:25:25.484,1.10897,1.1092,1.00,1.00
2015.08.27 18:25:25.686,1.10891,1.1092,1.75,1.00
2015.08.27 18:25:26.100,1.10891,1.10918,1.75,1.00
2015.08.27 18:25:26.404,1.10896,1.10918,1.00,1.00
2015.08.27 18:25:26.981,1.10897,1.10918,1.00,1.00
2015.08.27 18:25:27.564,1.10897,1.1092,1.00,1.50
2015.08.27 18:25:27.941,1.10894,1.1092,1.75,1.00
2015.08.27 18:25:28.043,1.10895,1.1092,1.50,1.00
2015.08.27 18:25:28.227,1.10897,1.1092,1.00,1.00
2015.08.27 18:25:28.379,1.10897,1.10923,1.00,1.00
2015.08.27 18:25:28.480,1.1089,1.10921,3.00,1.00
2015.08.27 18:25:28.581,1.10893,1.10918,1.00,1.00
2015.08.27 18:25:30.900,1.10893,1.1092,1.00,1.50
2015.08.27 18:25:34.812,1.10893,1.10917,1.00,1.00
2015.08.27 18:25:40.020,1.10893,1.10918,1.00,1.00
2015.08.27 18:25:40.549,1.10893,1.10919,1.00,1.00
2015.08.27 18:25:42.739,1.10893,1.10917,1.00,1.00
2015.08.27 18:25:43.043,1.10893,1.10909,1.00,1.00
2015.08.27 18:25:43.093,1.10888,1.10909,1.00,1.50
2015.08.27 18:25:43.195,1.10883,1.10909,1.12,1.50
2015.08.27 18:25:43.549,1.10883,1.10918,1.87,2.25
2015.08.27 18:25:43.600,1.10891,1.10918,1.00,2.25
2015.08.27 18:25:43.701,1.10893,1.10922,1.00,1.50
2015.08.27 18:25:43.803,1.10894,1.10924,2.25,1.00
2015.08.27 18:25:43.972,1.10902,1.10933,1.37,1.00
2015.08.27 18:25:44.023,1.10902,1.10931,1.37,1.00
2015.08.27 18:25:44.327,1.10894,1.10924,1.75,1.00
2015.08.27 18:25:44.379,1.10894,1.10924,1.75,1.00
2015.08.27 18:25:44.771,1.10893,1.10924,1.37,1.00
2015.08.27 18:25:45.125,1.10893,1.10922,1.37,1.00
2015.08.27 18:25:45.428,1.10897,1.10922,1.37,1.00
2015.08.27 18:25:45.620,1.10896,1.10926,1.50,1.00
2015.08.27 18:25:46.026,1.10897,1.10923,1.37,1.00
2015.08.27 18:25:46.331,1.10893,1.1092,1.75,1.00
2015.08.27 18:25:46.382,1.10893,1.1092,1.00,1.00
2015.08.27 18:25:47.412,1.10897,1.1092,1.00,1.00
2015.08.27 18:25:49.298,1.10896,1.10917,1.00,1.00
2015.08.27 18:25:49.399,1.10893,1.10917,1.00,1.00
2015.08.27 18:25:50.173,1.10894,1.10917,1.00,1.00
2015.08.27 18:25:51.702,1.10894,1.10919,1.50,1.00
2015.08.27 18:25:51.753,1.10896,1.10919,1.00,1.00
2015.08.27 18:25:52.271,1.10897,1.10919,1.00,1.00
2015.08.27 18:25:53.107,1.10898,1.10919,1.00,1.00
2015.08.27 18:25:53.548,1.10896,1.10919,1.50,1.50
2015.08.27 18:25:54.238,1.10896,1.10916,1.00,1.00
2015.08.27 18:25:54.743,1.10893,1.10916,1.00,1.00
2015.08.27 18:25:55.000,1.10895,1.10916,1.00,1.00
2015.08.27 18:25:55.307,1.10897,1.10916,1.00,1.00
2015.08.27 18:25:55.459,1.10893,1.10916,1.00,1.00
2015.08.27 18:25:56.037,1.10892,1.10916,1.00,1.00
2015.08.27 18:25:56.427,1.10889,1.10916,1.50,1.00
2015.08.27 18:25:56.631,1.10893,1.10916,1.00,1.00
2015.08.27 18:25:56.732,1.10888,1.10913,1.00,1.00
2015.08.27 18:25:56.783,1.10888,1.1091,1.00,1.00
2015.08.27 18:25:56.986,1.10886,1.1091,1.00,1.00
2015.08.27 18:25:57.087,1.10886,1.10911,1.37,1.00
2015.08.27 18:25:57.251,1.10888,1.10914,1.12,1.00
2015.08.27 18:25:57.760,1.10887,1.10913,1.00,1.00
2015.08.27 18:25:58.076,1.10883,1.10913,1.75,1.00
2015.08.27 18:25:58.481,1.10887,1.10911,1.00,1.00
2015.08.27 18:25:58.947,1.10883,1.10911,1.75,1.00
2015.08.27 18:25:59.737,1.10881,1.10911,1.50,1.00
2015.08.27 18:25:59.839,1.10885,1.10911,1.00,1.00
2015.08.27 18:26:00.020,1.10883,1.10911,1.00,1.00
2015.08.27 18:26:00.585,1.10882,1.10911,1.00,1.00
2015.08.27 18:26:01.099,1.10883,1.10911,1.00,1.00
2015.08.27 18:26:01.378,1.10881,1.10911,1.00,1.00
2015.08.27 18:26:01.892,1.10882,1.10911,1.00,1.00
2015.08.27 18:26:02.246,1.10881,1.10909,1.00,1.00
2015.08.27 18:26:02.923,1.10881,1.10909,2.25,1.00
2015.08.27 18:26:03.327,1.10885,1.10911,1.75,1.00
2015.08.27 18:26:03.498,1.10885,1.10911,1.75,1.00
2015.08.27 18:26:05.715,1.10887,1.10911,1.00,1.00
2015.08.27 18:26:08.375,1.10887,1.1091,1.00,1.00
2015.08.27 18:26:10.121,1.10887,1.10912,1.00,1.00
2015.08.27 18:26:10.223,1.10883,1.10912,3.00,1.00
2015.08.27 18:26:10.516,1.10885,1.10916,1.75,1.50
2015.08.27 18:26:15.236,1.10888,1.10915,1.75,1.00
2015.08.27 18:26:17.069,1.10887,1.10914,1.75,1.00
2015.08.27 18:26:17.372,1.10889,1.10914,1.00,1.00
2015.08.27 18:26:19.312,1.1089,1.10914,1.00,1.00
2015.08.27 18:26:20.329,1.10889,1.10914,1.00,1.00
2015.08.27 18:26:21.031,1.1089,1.10917,1.00,1.00
2015.08.27 18:26:21.132,1.1089,1.10916,1.37,1.00
2015.08.27 18:26:21.672,1.10891,1.10917,2.25,1.00
2015.08.27 18:26:24.904,1.10893,1.10917,1.00,1.00
2015.08.27 18:26:25.006,1.10897,1.10922,1.00,1.00
2015.08.27 18:26:25.057,1.10899,1.10922,1.12,1.00
2015.08.27 18:26:25.220,1.10899,1.10924,1.12,1.00
2015.08.27 18:26:25.474,1.10903,1.10924,1.00,1.00
2015.08.27 18:26:30.776,1.10903,1.10926,1.00,1.00
2015.08.27 18:26:31.130,1.10903,1.10924,1.00,1.00
2015.08.27 18:26:31.181,1.10897,1.10924,1.00,1.00
2015.08.27 18:26:32.376,1.10898,1.10924,1.00,1.00
2015.08.27 18:26:32.579,1.10901,1.10924,1.00,1.00
2015.08.27 18:26:32.878,1.10899,1.10924,1.00,1.00
2015.08.27 18:26:32.985,1.10899,1.10924,1.75,1.00
2015.08.27 18:26:34.456,1.10896,1.10924,3.75,1.00
2015.08.27 18:26:34.507,1.10897,1.10923,1.50,1.00
2015.08.27 18:26:34.558,1.10897,1.1092,2.25,1.00
2015.08.27 18:26:35.064,1.10897,1.10919,1.00,1.00
2015.08.27 18:26:35.215,1.10895,1.10919,1.00,1.00
2015.08.27 18:26:35.569,1.10897,1.10919,1.00,1.00
2015.08.27 18:26:35.930,1.10894,1.10919,1.00,1.00
2015.08.27 18:26:36.435,1.10892,1.10919,2.25,1.00
2015.08.27 18:26:40.427,1.10894,1.10919,1.00,1.00
2015.08.27 18:26:40.477,1.10897,1.10919,1.00,1.00
2015.08.27 18:26:41.019,1.10896,1.10919,1.00,1.00
2015.08.27 18:26:41.698,1.10898,1.10919,1.00,1.00
2015.08.27 18:26:41.799,1.10896,1.10919,1.00,1.00
2015.08.27 18:26:42.976,1.10896,1.10921,1.00,1.00
2015.08.27 18:26:44.538,1.10898,1.10921,1.00,1.00
2015.08.27 18:26:44.852,1.10898,1.10918,1.00,1.00
2015.08.27 18:26:45.403,1.10897,1.10918,1.00,1.00
2015.08.27 18:26:45.920,1.10896,1.10918,1.00,1.00
2015.08.27 18:26:46.223,1.10898,1.10918,1.00,1.00
2015.08.27 18:26:46.324,1.10896,1.10918,1.50,1.00
2015.08.27 18:26:46.527,1.10896,1.1092,1.00,1.00
2015.08.27 18:26:48.487,1.10896,1.10918,1.00,1.00
2015.08.27 18:26:49.378,1.10898,1.10918,1.00,1.00
2015.08.27 18:26:49.480,1.10896,1.10918,1.00,1.00
2015.08.27 18:26:49.582,1.10898,1.10918,1.00,1.00
2015.08.27 18:26:49.886,1.10896,1.10918,1.50,1.00
2015.08.27 18:26:50.416,1.10895,1.10918,1.00,1.00
2015.08.27 18:26:50.669,1.10898,1.10918,1.00,1.00
2015.08.27 18:26:52.503,1.10898,1.10916,1.00,1.00
2015.08.27 18:26:53.266,1.10897,1.10916,1.00,1.00
2015.08.27 18:26:54.161,1.10898,1.10916,1.00,1.00
2015.08.27 18:26:54.570,1.10896,1.10916,1.00,1.00
2015.08.27 18:26:54.671,1.10891,1.10916,1.00,1.00
2015.08.27 18:26:54.974,1.10896,1.10916,1.00,1.00
2015.08.27 18:26:55.025,1.10896,1.10918,1.00,1.50
2015.08.27 18:26:55.228,1.10893,1.10918,1.00,1.00
2015.08.27 18:26:55.329,1.10891,1.10918,1.12,1.00
2015.08.27 18:26:55.380,1.10893,1.10918,1.00,1.00
2015.08.27 18:26:55.697,1.10891,1.10915,1.12,1.00
2015.08.27 18:26:56.887,1.10892,1.10915,1.00,1.00
2015.08.27 18:26:57.426,1.10891,1.10915,1.12,1.00
2015.08.27 18:26:58.823,1.10886,1.10915,2.25,1.50
2015.08.27 18:26:58.874,1.10886,1.10915,2.25,1.50
2015.08.27 18:26:59.248,1.10889,1.10918,3.00,1.50
2015.08.27 18:26:59.602,1.10897,1.10918,1.00,1.00
2015.08.27 18:26:59.754,1.10893,1.10921,1.75,1.50
2015.08.27 18:27:00.733,1.10897,1.10917,1.87,1.00
2015.08.27 18:27:00.936,1.10895,1.10917,1.00,1.00
2015.08.27 18:27:01.088,1.10895,1.10915,1.00,1.00
2015.08.27 18:27:01.139,1.10891,1.10915,1.00,1.00
2015.08.27 18:27:01.301,1.10893,1.10915,1.00,1.00
2015.08.27 18:27:01.458,1.1089,1.10915,1.00,1.00
2015.08.27 18:27:01.996,1.10889,1.10915,1.00,1.00
2015.08.27 18:27:02.578,1.1089,1.10915,1.00,1.00
2015.08.27 18:27:04.568,1.10894,1.10913,1.00,1.00
2015.08.27 18:27:04.795,1.10884,1.10907,1.50,1.00
2015.08.27 18:27:04.896,1.10883,1.10907,1.00,1.00
2015.08.27 18:27:05.098,1.10881,1.10907,1.00,1.00
2015.08.27 18:27:05.250,1.10884,1.10907,1.12,1.00
2015.08.27 18:27:05.351,1.10884,1.1091,1.12,1.00
2015.08.27 18:27:05.453,1.10886,1.1091,1.00,1.00
2015.08.27 18:27:05.762,1.10884,1.1091,1.12,1.50
2015.08.27 18:27:05.972,1.10881,1.10908,2.25,1.00
2015.08.27 18:27:06.914,1.10881,1.1091,2.25,1.50
2015.08.27 18:27:06.965,1.10885,1.1091,1.75,1.00
2015.08.27 18:27:07.132,1.10889,1.10914,1.37,1.00
2015.08.27 18:27:08.394,1.10891,1.10914,1.00,1.00
2015.08.27 18:27:08.657,1.10889,1.10912,1.37,1.00
2015.08.27 18:27:08.708,1.10889,1.10914,1.37,1.00
2015.08.27 18:27:14.066,1.10892,1.10917,1.00,1.00
2015.08.27 18:27:15.838,1.10888,1.10917,1.50,1.00
2015.08.27 18:27:15.939,1.10888,1.1092,1.12,1.12
2015.08.27 18:27:16.192,1.10888,1.10916,1.00,1.00
2015.08.27 18:27:19.035,1.10888,1.10916,1.37,1.00
2015.08.27 18:27:19.439,1.10891,1.10916,1.00,1.00
2015.08.27 18:27:19.541,1.10891,1.1092,1.00,1.00
2015.08.27 18:27:20.799,1.10889,1.1092,1.12,1.00
2015.08.27 18:27:21.294,1.10889,1.10916,1.12,1.00
2015.08.27 18:27:21.344,1.10889,1.10918,1.12,1.00
2015.08.27 18:27:23.704,1.10889,1.10916,1.00,1.00
2015.08.27 18:27:25.690,1.10886,1.10916,1.00,1.00
2015.08.27 18:27:25.740,1.10886,1.10912,1.00,1.00
2015.08.27 18:27:26.242,1.10886,1.10914,1.00,1.00
2015.08.27 18:27:26.394,1.1088,1.10914,1.75,1.00
2015.08.27 18:27:26.497,1.1088,1.10906,1.37,1.00
2015.08.27 18:27:26.598,1.10878,1.10906,1.00,1.00
2015.08.27 18:27:26.699,1.10875,1.10903,1.37,1.00
2015.08.27 18:27:26.750,1.10875,1.10903,1.00,1.00
2015.08.27 18:27:26.902,1.10876,1.10907,1.00,1.00
2015.08.27 18:27:27.400,1.10875,1.10903,1.50,1.00
2015.08.27 18:27:27.905,1.10876,1.10903,1.12,1.00
2015.08.27 18:27:28.259,1.10877,1.10894,1.50,1.00
2015.08.27 18:27:28.611,1.10879,1.10894,1.00,1.00
2015.08.27 18:27:28.763,1.10879,1.10898,1.00,1.00
2015.08.27 18:27:29.270,1.10878,1.10898,1.50,1.00
2015.08.27 18:27:31.005,1.10879,1.10898,1.00,1.00
2015.08.27 18:27:31.056,1.10881,1.10898,1.00,1.00
2015.08.27 18:27:31.814,1.10881,1.10895,1.00,1.00
2015.08.27 18:27:31.865,1.10878,1.10895,1.00,1.00
2015.08.27 18:27:31.967,1.10875,1.10892,2.25,1.00
2015.08.27 18:27:32.169,1.10871,1.10889,1.00,1.00
2015.08.27 18:27:32.270,1.10867,1.10889,1.50,1.00
2015.08.27 18:27:33.104,1.10865,1.10889,3.00,1.00
2015.08.27 18:27:33.306,1.10873,1.10889,1.00,1.00
2015.08.27 18:27:33.522,1.10872,1.10893,1.00,1.00
2015.08.27 18:27:35.819,1.10865,1.10893,2.25,1.00
2015.08.27 18:27:36.296,1.10868,1.10893,1.00,1.00
2015.08.27 18:27:36.600,1.10864,1.10889,1.85,1.00
2015.08.27 18:27:36.802,1.10863,1.10891,1.82,1.00
2015.08.27 18:27:37.136,1.10865,1.10891,2.25,1.00
2015.08.27 18:27:37.674,1.10866,1.10891,1.82,1.00
2015.08.27 18:27:37.978,1.10866,1.10896,1.75,1.00
2015.08.27 18:27:38.290,1.10867,1.10899,1.75,1.00
2015.08.27 18:27:38.407,1.10867,1.10899,1.75,1.00
2015.08.27 18:27:38.509,1.10873,1.10903,1.87,1.00
2015.08.27 18:27:40.087,1.10874,1.10903,1.10,1.00
2015.08.27 18:27:40.391,1.10876,1.10903,1.00,1.00
2015.08.27 18:27:40.726,1.10876,1.10903,1.75,1.00
2015.08.27 18:27:43.639,1.10876,1.10904,2.25,1.00
2015.08.27 18:27:45.431,1.10873,1.10904,1.50,1.00
2015.08.27 18:27:45.482,1.10873,1.109,1.50,1.00
2015.08.27 18:27:47.324,1.10871,1.109,1.75,1.00
2015.08.27 18:27:47.628,1.10874,1.10905,1.37,1.00
2015.08.27 18:27:47.830,1.10874,1.10903,1.37,1.00
2015.08.27 18:27:48.181,1.10871,1.109,1.75,1.00
2015.08.27 18:27:51.400,1.10876,1.109,1.00,1.00
2015.08.27 18:27:53.414,1.10874,1.109,1.37,1.00
2015.08.27 18:27:54.354,1.10871,1.10902,2.25,1.00
2015.08.27 18:27:54.814,1.10871,1.10905,2.25,1.00
2015.08.27 18:27:54.916,1.10872,1.10903,1.75,1.00
2015.08.27 18:27:55.403,1.10872,1.10905,1.75,1.00
2015.08.27 18:27:55.952,1.10872,1.10905,1.75,1.00
2015.08.27 18:27:56.155,1.1087,1.10905,1.20,1.00
2015.08.27 18:27:56.206,1.10868,1.10902,1.82,1.00
2015.08.27 18:27:56.529,1.10872,1.10903,2.25,1.50
2015.08.27 18:27:56.836,1.1087,1.109,1.45,1.50
2015.08.27 18:27:56.887,1.1087,1.109,1.00,1.50
2015.08.27 18:27:56.938,1.10866,1.109,1.82,1.50
2015.08.27 18:27:57.090,1.10866,1.10896,1.75,1.00
2015.08.27 18:27:57.685,1.10864,1.10897,1.85,1.50
2015.08.27 18:27:58.342,1.10869,1.10897,1.00,1.00
2015.08.27 18:27:58.443,1.10874,1.10903,1.00,1.00
2015.08.27 18:28:00.852,1.10872,1.109,1.37,1.00
2015.08.27 18:28:00.954,1.10871,1.109,1.20,1.00
2015.08.27 18:28:01.005,1.10871,1.10904,1.20,1.50
2015.08.27 18:28:01.057,1.10871,1.10899,1.12,1.00
2015.08.27 18:28:01.311,1.1087,1.10904,1.37,1.50
2015.08.27 18:28:01.362,1.1087,1.109,1.37,1.00
2015.08.27 18:28:01.412,1.1087,1.10903,1.37,1.00
2015.08.27 18:28:02.032,1.10871,1.10901,1.12,1.00
2015.08.27 18:28:02.860,1.10867,1.10901,1.10,1.87
2015.08.27 18:28:02.962,1.10867,1.10898,1.00,1.00
2015.08.27 18:28:03.114,1.10867,1.109,1.50,1.00
2015.08.27 18:28:03.619,1.10865,1.109,2.32,1.00
2015.08.27 18:28:03.670,1.10865,1.109,2.62,1.00
2015.08.27 18:28:03.986,1.10865,1.10897,2.25,1.00
2015.08.27 18:28:04.138,1.10869,1.109,2.25,1.00
2015.08.27 18:28:08.052,1.10869,1.10901,1.75,1.00
2015.08.27 18:28:08.104,1.10873,1.10903,1.00,1.00
2015.08.27 18:28:08.256,1.10873,1.10905,1.00,1.00
2015.08.27 18:28:08.357,1.10875,1.10905,1.00,1.00
2015.08.27 18:28:08.899,1.10875,1.1091,1.00,1.75
2015.08.27 18:28:11.381,1.10875,1.1091,1.37,1.37
2015.08.27 18:28:11.483,1.10875,1.1091,1.75,1.00
2015.08.27 18:28:11.660,1.10875,1.10909,1.00,1.00
2015.08.27 18:28:13.541,1.10876,1.10909,1.00,1.00
2015.08.27 18:28:14.377,1.10877,1.10909,1.50,1.00
2015.08.27 18:28:14.582,1.1088,1.10917,1.00,2.25
2015.08.27 18:28:22.824,1.10884,1.10917,1.00,1.75
2015.08.27 18:28:29.397,1.10884,1.10918,1.00,1.75
2015.08.27 18:28:29.929,1.10884,1.10914,1.00,1.00
2015.08.27 18:28:30.658,1.10881,1.10914,2.25,1.00
2015.08.27 18:28:34.838,1.10887,1.10914,1.00,1.00
2015.08.27 18:28:34.939,1.10887,1.10916,1.00,1.12
2015.08.27 18:28:39.626,1.10883,1.10916,1.00,1.12
2015.08.27 18:28:39.991,1.10883,1.10914,1.00,1.00
2015.08.27 18:28:44.110,1.10886,1.10914,1.00,1.00
2015.08.27 18:28:45.990,1.10886,1.10916,1.00,1.12
2015.08.27 18:28:51.835,1.10886,1.10915,1.00,1.00
2015.08.27 18:28:52.927,1.10886,1.10916,1.00,1.12
2015.08.27 18:28:54.425,1.10882,1.10916,1.12,1.12
2015.08.27 18:28:57.573,1.10882,1.10915,1.12,1.00
2015.08.27 18:29:01.798,1.10882,1.10915,1.37,1.00
2015.08.27 18:29:02.914,1.10882,1.10914,1.37,1.00
2015.08.27 18:29:03.445,1.10882,1.10914,1.00,1.00
2015.08.27 18:29:07.998,1.10882,1.10913,1.00,1.00
2015.08.27 18:29:10.256,1.10879,1.10913,2.25,1.00
2015.08.27 18:29:11.496,1.10879,1.10913,1.75,1.00
2015.08.27 18:29:11.597,1.10879,1.10913,1.00,1.12
2015.08.27 18:29:11.698,1.10883,1.10913,1.00,1.12
2015.08.27 18:29:11.965,1.10881,1.10913,1.00,1.12
2015.08.27 18:29:12.018,1.10881,1.1091,1.00,1.50
2015.08.27 18:29:12.119,1.10875,1.10906,1.12,1.00
2015.08.27 18:29:12.170,1.10872,1.10902,1.75,1.00
2015.08.27 18:29:12.221,1.10871,1.10902,1.00,1.00
2015.08.27 18:29:12.272,1.10875,1.10902,1.00,1.00
2015.08.27 18:29:12.322,1.1087,1.10899,1.00,1.00
2015.08.27 18:29:12.375,1.10868,1.10899,1.00,1.00
2015.08.27 18:29:13.046,1.10865,1.10899,1.00,1.00
2015.08.27 18:29:14.695,1.10865,1.10899,1.75,1.00
2015.08.27 18:29:15.406,1.10868,1.10903,1.75,1.50
2015.08.27 18:29:17.742,1.10871,1.10903,1.00,1.50
2015.08.27 18:29:18.867,1.10869,1.10903,1.00,1.50
2015.08.27 18:29:22.675,1.10871,1.10902,1.00,1.12
2015.08.27 18:29:22.725,1.10871,1.10904,1.12,1.00
2015.08.27 18:29:22.827,1.10872,1.10905,1.75,1.00
2015.08.27 18:29:22.979,1.10876,1.10908,1.00,1.00
2015.08.27 18:29:29.522,1.10876,1.10909,1.00,1.12
2015.08.27 18:29:35.548,1.10881,1.10913,1.00,1.12
2015.08.27 18:29:42.246,1.10881,1.1091,1.00,1.00
2015.08.27 18:29:42.500,1.10878,1.1091,1.12,1.00
2015.08.27 18:29:43.961,1.10878,1.1091,1.00,1.50
2015.08.27 18:29:44.011,1.10874,1.10909,1.87,1.37
2015.08.27 18:29:44.214,1.10876,1.1091,1.00,1.50
2015.08.27 18:29:48.041,1.10874,1.10909,1.12,1.37
2015.08.27 18:29:48.887,1.10874,1.10907,1.12,1.00
2015.08.27 18:29:49.140,1.10877,1.10907,1.00,1.00
2015.08.27 18:29:49.446,1.10874,1.10907,1.12,1.00
2015.08.27 18:29:49.597,1.10874,1.10903,1.87,1.00
2015.08.27 18:29:49.999,1.10872,1.10903,1.00,1.00
2015.08.27 18:29:51.164,1.10872,1.109,1.00,1.00
2015.08.27 18:29:51.786,1.10868,1.109,1.00,1.00
2015.08.27 18:29:52.882,1.10868,1.10899,1.00,1.00
2015.08.27 18:29:53.361,1.1087,1.109,1.00,1.00
2015.08.27 18:29:53.462,1.10875,1.10906,1.00,1.00
2015.08.27 18:29:53.513,1.10877,1.10912,1.00,1.85
2015.08.27 18:29:53.564,1.10877,1.10912,1.00,1.75
2015.08.27 18:29:53.615,1.10878,1.10912,1.00,1.50
2015.08.27 18:29:53.666,1.10882,1.10912,1.00,1.50
2015.08.27 18:29:54.667,1.10876,1.10912,1.00,2.25
2015.08.27 18:29:55.172,1.1088,1.10912,1.00,1.50
2015.08.27 18:29:55.629,1.1088,1.10908,1.00,1.00
2015.08.27 18:29:55.680,1.10877,1.10908,1.00,1.00
2015.08.27 18:29:55.782,1.10873,1.10908,1.10,1.75
2015.08.27 18:29:57.437,1.10871,1.10906,1.50,2.25
2015.08.27 18:29:59.086,1.10872,1.10906,1.00,2.25
2015.08.27 18:29:59.890,1.10873,1.10906,1.00,2.25
2015.08.27 18:30:01.397,1.10872,1.10906,1.10,1.75
2015.08.27 18:30:01.448,1.10874,1.10907,1.00,1.75
2015.08.27 18:30:03.928,1.10874,1.10909,1.75,1.00
2015.08.27 18:30:03.979,1.10879,1.10911,1.00,1.50
2015.08.27 18:30:04.408,1.10882,1.10911,1.00,1.00
2015.08.27 18:30:09.246,1.10882,1.10913,1.00,1.00
2015.08.27 18:30:14.329,1.10876,1.10908,2.32,1.00
2015.08.27 18:30:16.141,1.10875,1.10904,2.32,1.00
2015.08.27 18:30:17.208,1.10875,1.10907,1.75,1.00
2015.08.27 18:30:21.183,1.10876,1.10904,1.75,1.00
2015.08.27 18:30:21.657,1.10875,1.10904,1.57,1.00
2015.08.27 18:30:21.859,1.10871,1.10904,1.87,1.50
2015.08.27 18:30:21.961,1.10871,1.10898,1.12,1.00
2015.08.27 18:30:22.163,1.10867,1.10895,1.20,1.00
2015.08.27 18:30:25.389,1.10867,1.10902,1.20,2.25
2015.08.27 18:30:25.440,1.1087,1.10902,1.00,1.50
2015.08.27 18:30:26.086,1.1087,1.10901,1.00,1.00
2015.08.27 18:30:28.005,1.1087,1.10902,1.00,1.00
2015.08.27 18:30:28.309,1.10881,1.10907,1.85,1.00
2015.08.27 18:30:28.410,1.10881,1.10912,2.32,1.00
2015.08.27 18:30:28.663,1.1088,1.10912,1.00,1.00
2015.08.27 18:30:29.017,1.10876,1.10913,1.50,1.50
2015.08.27 18:30:29.220,1.10881,1.10913,1.00,1.00
2015.08.27 18:30:29.524,1.10881,1.10909,1.00,1.12
2015.08.27 18:30:29.816,1.10876,1.10909,1.00,1.12
2015.08.27 18:30:31.361,1.10878,1.10909,1.00,1.12
2015.08.27 18:30:36.437,1.10881,1.10909,1.00,1.12
2015.08.27 18:30:36.741,1.10878,1.10909,1.00,1.12
2015.08.27 18:30:40.774,1.1088,1.10909,1.00,1.12
2015.08.27 18:30:48.967,1.1088,1.10908,1.50,1.00
2015.08.27 18:30:52.638,1.1088,1.10908,2.25,1.00
2015.08.27 18:30:55.067,1.10884,1.10908,1.00,1.00
2015.08.27 18:30:55.599,1.10881,1.10908,1.75,1.00
2015.08.27 18:30:56.403,1.10881,1.10909,1.75,1.00
2015.08.27 18:30:59.635,1.10881,1.10909,1.00,1.50
2015.08.27 18:30:59.686,1.10881,1.10904,1.00,1.00
2015.08.27 18:30:59.837,1.10878,1.10904,1.00,1.00
2015.08.27 18:30:59.888,1.10878,1.10912,1.50,1.00
2015.08.27 18:30:59.989,1.10883,1.10913,1.00,1.50
2015.08.27 18:31:01.370,1.10885,1.10913,1.00,1.00
2015.08.27 18:31:01.421,1.10883,1.10913,1.12,1.00
2015.08.27 18:31:03.576,1.10883,1.109,1.12,1.00
2015.08.27 18:31:05.285,1.10883,1.109,1.75,1.00
2015.08.27 18:31:09.300,1.10886,1.10901,1.50,1.00
2015.08.27 18:31:15.197,1.10886,1.10904,1.50,1.00
2015.08.27 18:31:24.364,1.10886,1.10911,1.50,1.00
2015.08.27 18:31:24.415,1.10893,1.10915,1.50,1.00
2015.08.27 18:31:24.719,1.109,1.10915,1.00,1.00
2015.08.27 18:31:24.820,1.10898,1.10915,1.00,1.00
2015.08.27 18:31:25.326,1.10899,1.10915,1.00,1.00
2015.08.27 18:31:25.442,1.10902,1.10915,1.00,1.00
2015.08.27 18:31:25.913,1.109,1.10915,1.00,1.00
2015.08.27 18:31:29.325,1.109,1.10912,1.00,1.00
2015.08.27 18:31:29.375,1.109,1.10912,1.00,1.00
2015.08.27 18:31:29.689,1.10898,1.10912,1.00,1.00
2015.08.27 18:31:29.841,1.10898,1.10914,1.50,1.00
2015.08.27 18:31:30.447,1.109,1.10914,1.00,1.00
2015.08.27 18:31:33.076,1.10897,1.10914,1.87,1.00
2015.08.27 18:31:34.555,1.10897,1.10914,1.72,1.00
2015.08.27 18:31:35.957,1.109,1.10914,1.00,1.00
2015.08.27 18:31:37.422,1.109,1.10917,1.00,1.00
2015.08.27 18:31:48.423,1.109,1.10918,1.00,1.00
2015.08.27 18:31:51.085,1.10901,1.10918,1.00,1.00
2015.08.27 18:31:51.187,1.10901,1.10923,1.00,1.00
2015.08.27 18:31:51.237,1.10904,1.10923,1.00,1.00
2015.08.27 18:31:51.541,1.10904,1.10919,1.00,1.00
2015.08.27 18:31:51.868,1.10904,1.10914,1.00,1.00
2015.08.27 18:31:52.020,1.109,1.10912,1.00,1.00
2015.08.27 18:31:52.071,1.10898,1.10911,1.00,1.00
2015.08.27 18:31:52.173,1.10901,1.10912,1.00,1.00
2015.08.27 18:31:52.375,1.10896,1.1091,1.00,1.00
2015.08.27 18:31:54.079,1.10892,1.1091,1.00,1.00
2015.08.27 18:31:54.234,1.10892,1.10908,1.00,1.00
2015.08.27 18:31:54.791,1.10892,1.10907,1.00,1.00
2015.08.27 18:31:55.095,1.10889,1.10904,1.00,1.00
2015.08.27 18:31:56.954,1.10883,1.10904,1.85,1.00
2015.08.27 18:32:00.624,1.10883,1.10902,1.75,1.00
2015.08.27 18:32:01.162,1.10883,1.10899,1.75,1.00
2015.08.27 18:32:01.407,1.10881,1.10897,1.00,1.00
2015.08.27 18:32:01.458,1.10883,1.10897,1.00,1.00
2015.08.27 18:32:01.661,1.10882,1.109,1.37,1.00
2015.08.27 18:32:02.169,1.10882,1.109,2.25,1.00
2015.08.27 18:32:02.718,1.10885,1.109,1.00,1.00
2015.08.27 18:32:02.876,1.10885,1.109,1.37,1.00
2015.08.27 18:32:03.203,1.10884,1.109,1.75,1.00
2015.08.27 18:32:04.075,1.1088,1.109,3.37,1.00
2015.08.27 18:32:06.816,1.1088,1.10902,3.37,1.00
2015.08.27 18:32:18.232,1.10883,1.10901,1.50,1.00
2015.08.27 18:32:24.140,1.10882,1.109,1.75,1.00
2015.08.27 18:32:26.603,1.10883,1.109,1.75,1.00
2015.08.27 18:32:29.943,1.10883,1.109,1.00,1.00
2015.08.27 18:32:30.054,1.10881,1.109,2.25,1.00
2015.08.27 18:32:34.878,1.10882,1.10902,2.25,1.00
2015.08.27 18:32:36.319,1.1088,1.10898,1.75,1.00
2015.08.27 18:32:36.369,1.10881,1.10898,1.00,1.00
2015.08.27 18:32:40.736,1.10881,1.10894,1.00,1.00
2015.08.27 18:32:40.837,1.10878,1.10894,1.00,1.00
2015.08.27 18:32:44.469,1.10881,1.10894,1.00,1.00
2015.08.27 18:32:46.916,1.10881,1.10895,1.00,1.00
2015.08.27 18:32:48.873,1.10877,1.10899,1.75,1.00
2015.08.27 18:32:50.687,1.10881,1.10899,1.50,1.00
2015.08.27 18:32:51.439,1.10877,1.10893,1.75,1.00
2015.08.27 18:32:51.591,1.10871,1.10888,1.00,1.00
2015.08.27 18:32:51.642,1.10871,1.10884,1.00,1.00
2015.08.27 18:32:51.990,1.10868,1.10888,1.75,1.00
2015.08.27 18:32:52.193,1.10871,1.10888,1.50,1.00
2015.08.27 18:32:54.796,1.10871,1.10884,1.00,1.00
2015.08.27 18:32:59.819,1.10871,1.10885,1.50,1.00
2015.08.27 18:33:00.325,1.10867,1.10885,1.87,1.00
2015.08.27 18:33:06.448,1.10868,1.10885,1.37,1.00
2015.08.27 18:33:09.520,1.10871,1.10887,1.00,1.00
2015.08.27 18:33:11.689,1.10871,1.10884,1.00,1.00
2015.08.27 18:33:13.592,1.10867,1.10883,1.37,1.00
2015.08.27 18:33:16.450,1.10863,1.10882,1.75,1.00
2015.08.27 18:33:18.463,1.10869,1.10882,1.00,1.00
2015.08.27 18:33:18.594,1.10866,1.10884,1.50,1.00
2015.08.27 18:33:18.849,1.10866,1.1088,1.50,1.00
2015.08.27 18:33:19.052,1.10865,1.10884,2.25,1.00
2015.08.27 18:33:20.865,1.10868,1.10887,1.12,1.00
2015.08.27 18:33:20.916,1.1087,1.10887,1.75,1.00
2015.08.27 18:33:26.132,1.10868,1.10888,3.00,1.00
2015.08.27 18:33:31.694,1.10868,1.10887,1.75,1.00
2015.08.27 18:33:35.315,1.10867,1.10887,2.25,1.00
2015.08.27 18:33:35.366,1.10867,1.10887,1.75,1.00
2015.08.27 18:33:36.861,1.10865,1.10888,2.25,1.00
2015.08.27 18:33:36.912,1.10865,1.10885,2.25,1.00
2015.08.27 18:33:42.859,1.10866,1.10888,1.75,1.00
2015.08.27 18:33:43.464,1.10868,1.10888,1.75,1.00
2015.08.27 18:33:46.656,1.10866,1.10888,1.75,1.00
2015.08.27 18:33:48.364,1.10866,1.10886,1.75,1.00
2015.08.27 18:33:51.870,1.10861,1.10883,1.82,1.00
2015.08.27 18:33:54.831,1.10865,1.10887,1.75,1.00
2015.08.27 18:33:57.374,1.10864,1.10887,2.25,1.00
2015.08.27 18:33:57.973,1.10864,1.10887,2.25,1.00
2015.08.27 18:34:00.898,1.10864,1.10885,2.25,1.00
2015.08.27 18:34:05.979,1.10864,1.10884,1.75,1.00
2015.08.27 18:34:11.047,1.10863,1.10885,2.25,1.00
2015.08.27 18:34:13.505,1.10864,1.10885,1.75,1.00
2015.08.27 18:34:18.786,1.10868,1.10889,1.75,1.00
2015.08.27 18:34:18.837,1.10866,1.10889,1.85,1.00
2015.08.27 18:34:19.039,1.1087,1.10885,1.00,1.00
2015.08.27 18:34:19.141,1.10864,1.1088,1.75,1.00
2015.08.27 18:34:24.474,1.10864,1.10882,1.75,1.00
2015.08.27 18:34:34.463,1.10864,1.10882,1.75,1.00
2015.08.27 18:34:34.514,1.10866,1.10886,1.75,1.00
2015.08.27 18:34:35.255,1.10872,1.10886,1.00,1.00
2015.08.27 18:34:39.525,1.10872,1.10886,1.00,1.00
2015.08.27 18:34:42.947,1.10869,1.10885,1.50,1.00
2015.08.27 18:34:44.553,1.10869,1.10889,1.50,1.00
2015.08.27 18:34:45.835,1.10874,1.10893,1.00,1.00
2015.08.27 18:34:46.564,1.10877,1.10893,1.00,1.00
2015.08.27 18:34:46.708,1.10872,1.10893,1.50,1.00
2015.08.27 18:34:51.151,1.10876,1.10893,1.00,1.00
2015.08.27 18:34:51.521,1.10873,1.10893,1.12,1.00
2015.08.27 18:34:52.166,1.10878,1.10893,1.00,1.00
2015.08.27 18:34:52.623,1.10876,1.10893,1.00,1.00
2015.08.27 18:34:53.670,1.10878,1.10893,1.00,1.00
2015.08.27 18:34:53.974,1.10874,1.10893,1.00,1.00
2015.08.27 18:34:55.496,1.1087,1.10893,1.75,1.00
2015.08.27 18:34:56.896,1.1087,1.10894,1.75,1.00
2015.08.27 18:34:58.291,1.1087,1.10894,1.00,1.00
2015.08.27 18:34:58.342,1.1087,1.1089,1.00,1.00
2015.08.27 18:34:58.807,1.10871,1.10893,1.12,1.00
2015.08.27 18:34:59.717,1.10874,1.10893,1.00,1.00
2015.08.27 18:35:01.117,1.10876,1.10893,1.00,1.00
2015.08.27 18:35:01.247,1.10874,1.10893,1.00,1.00
2015.08.27 18:35:03.825,1.10874,1.10895,1.00,1.00
2015.08.27 18:35:04.601,1.10875,1.10895,1.12,1.00
2015.08.27 18:35:04.653,1.10875,1.10895,1.50,1.00
2015.08.27 18:35:07.299,1.10875,1.10895,1.00,1.00
2015.08.27 18:35:07.602,1.10872,1.10895,1.00,1.00
2015.08.27 18:35:07.754,1.10875,1.10895,1.00,1.00
2015.08.27 18:35:08.159,1.10873,1.10895,1.00,1.00
2015.08.27 18:35:08.826,1.10873,1.10895,1.75,1.00
2015.08.27 18:35:09.029,1.10873,1.10897,1.75,1.00
2015.08.27 18:35:09.282,1.10875,1.10895,1.50,1.00
2015.08.27 18:35:09.434,1.10875,1.10895,1.00,1.00
2015.08.27 18:35:09.838,1.10878,1.10895,1.00,1.00
2015.08.27 18:35:10.293,1.10871,1.10895,1.50,1.00
2015.08.27 18:35:10.445,1.10877,1.10895,1.00,1.00
2015.08.27 18:35:10.546,1.10873,1.10895,1.12,1.00
2015.08.27 18:35:11.285,1.10873,1.1089,1.12,1.00
2015.08.27 18:35:15.254,1.1087,1.1089,1.00,1.00
2015.08.27 18:35:15.356,1.1087,1.1089,1.75,1.00
2015.08.27 18:35:15.458,1.1087,1.1089,1.00,1.00
2015.08.27 18:35:16.314,1.1087,1.10889,1.00,1.00
2015.08.27 18:35:16.618,1.1087,1.10889,1.37,1.00
2015.08.27 18:35:19.041,1.1087,1.10889,1.12,1.00
2015.08.27 18:35:19.976,1.1087,1.10889,1.37,1.00
2015.08.27 18:35:20.129,1.1087,1.10893,2.25,1.00
2015.08.27 18:35:23.293,1.10873,1.10889,1.12,1.00
2015.08.27 18:35:25.217,1.10873,1.10887,1.12,1.00
2015.08.27 18:35:25.319,1.10869,1.10886,1.12,1.00
2015.08.27 18:35:25.370,1.10869,1.10883,1.12,1.00
2015.08.27 18:35:25.471,1.10861,1.10883,1.00,1.00
2015.08.27 18:35:25.624,1.10861,1.10878,1.00,1.00
2015.08.27 18:35:25.928,1.1086,1.10875,1.37,1.00
2015.08.27 18:35:25.979,1.1086,1.10877,1.00,1.00
2015.08.27 18:35:26.030,1.10856,1.10877,1.12,1.00
2015.08.27 18:35:26.384,1.10856,1.10882,1.12,1.00
2015.08.27 18:35:26.435,1.10861,1.10882,1.00,1.00
2015.08.27 18:35:26.973,1.10864,1.10882,1.00,1.00
2015.08.27 18:35:27.125,1.10864,1.10885,1.00,1.00
2015.08.27 18:35:31.610,1.10861,1.10885,1.00,1.00
2015.08.27 18:35:31.661,1.10861,1.10882,1.00,1.00
2015.08.27 18:35:34.875,1.10861,1.10886,1.00,1.00
2015.08.27 18:35:35.033,1.10865,1.10891,1.00,1.00
2015.08.27 18:35:35.084,1.10871,1.10891,1.00,1.00
2015.08.27 18:35:40.052,1.10871,1.10893,1.00,1.00
2015.08.27 18:35:45.812,1.10871,1.10892,1.00,1.00
2015.08.27 18:35:46.556,1.10871,1.10897,1.00,1.00
2015.08.27 18:35:46.607,1.10874,1.10902,1.00,1.00
2015.08.27 18:35:46.658,1.10874,1.109,1.00,1.00
2015.08.27 18:35:46.961,1.10877,1.10897,1.00,1.00
2015.08.27 18:35:47.568,1.10871,1.10897,1.00,1.00
2015.08.27 18:35:48.954,1.10871,1.10904,1.00,1.00
2015.08.27 18:35:49.095,1.10877,1.10904,1.10,1.00
2015.08.27 18:35:49.146,1.10879,1.10908,1.00,1.00
2015.08.27 18:35:49.197,1.10883,1.10908,1.00,1.00
2015.08.27 18:35:49.602,1.10885,1.10908,1.00,1.00
2015.08.27 18:35:53.176,1.10883,1.10908,1.00,1.00
2015.08.27 18:35:54.259,1.10886,1.10911,1.00,1.00
2015.08.27 18:35:55.714,1.10889,1.10911,1.00,1.00
2015.08.27 18:36:02.683,1.10889,1.10908,1.00,1.00
2015.08.27 18:36:02.734,1.10887,1.10908,1.00,1.00
2015.08.27 18:36:02.835,1.10881,1.10908,1.00,1.00
2015.08.27 18:36:03.659,1.10882,1.10911,1.00,1.00
2015.08.27 18:36:03.761,1.10887,1.10911,1.00,1.00
2015.08.27 18:36:04.266,1.10887,1.10907,1.00,1.00
2015.08.27 18:36:04.418,1.10883,1.10907,1.00,1.00
2015.08.27 18:36:04.942,1.10882,1.10907,1.00,1.00
2015.08.27 18:36:09.816,1.10882,1.10908,1.00,1.00
2015.08.27 18:36:11.077,1.1088,1.10908,1.00,1.00
2015.08.27 18:36:11.128,1.1088,1.10903,1.00,1.00
2015.08.27 18:36:11.441,1.10877,1.10901,1.00,1.00
2015.08.27 18:36:11.897,1.10877,1.10899,1.00,1.00
2015.08.27 18:36:12.049,1.10874,1.10899,1.00,1.00
2015.08.27 18:36:12.352,1.10869,1.10899,1.00,1.00
2015.08.27 18:36:16.945,1.10876,1.10899,1.00,1.00
2015.08.27 18:36:16.996,1.10876,1.10901,1.00,1.00
2015.08.27 18:36:17.097,1.10874,1.10901,1.00,1.00
2015.08.27 18:36:17.406,1.10874,1.10905,1.50,1.00
2015.08.27 18:36:17.457,1.10877,1.10905,1.00,1.00
2015.08.27 18:36:17.761,1.10882,1.10905,1.00,1.00
2015.08.27 18:36:20.494,1.10882,1.10909,1.00,1.00
2015.08.27 18:36:20.653,1.10885,1.10909,1.00,1.00
2015.08.27 18:36:21.007,1.10885,1.10904,1.00,1.00
2015.08.27 18:36:21.109,1.10882,1.10904,1.00,1.00
2015.08.27 18:36:21.211,1.10878,1.10904,1.00,1.00
2015.08.27 18:36:24.837,1.10883,1.10908,1.00,1.00
2015.08.27 18:36:25.140,1.10886,1.10911,1.00,1.00
2015.08.27 18:36:27.525,1.10886,1.10916,1.00,1.00
2015.08.27 18:36:33.029,1.10884,1.10916,1.00,1.00
2015.08.27 18:36:37.092,1.10884,1.10919,1.37,1.37
2015.08.27 18:36:37.143,1.10889,1.10921,1.00,1.75
2015.08.27 18:36:37.194,1.10889,1.10921,1.00,1.50
2015.08.27 18:36:39.162,1.10886,1.10921,1.00,2.25
2015.08.27 18:36:40.002,1.10889,1.10921,1.00,1.50
2015.08.27 18:36:49.013,1.10886,1.10921,1.00,1.50
2015.08.27 18:36:49.114,1.10888,1.10922,1.00,1.75
2015.08.27 18:36:49.684,1.10889,1.10922,1.00,1.75
2015.08.27 18:36:54.712,1.10889,1.10922,1.12,1.00
2015.08.27 18:36:57.542,1.10892,1.10922,1.00,1.00
2015.08.27 18:36:59.225,1.10892,1.10923,1.00,1.00
2015.08.27 18:37:01.676,1.10888,1.10923,1.50,1.50
2015.08.27 18:37:03.530,1.10888,1.10923,1.00,2.25
2015.08.27 18:37:06.139,1.10891,1.10922,1.00,1.50
2015.08.27 18:37:07.377,1.10889,1.10922,1.00,1.50
2015.08.27 18:37:18.900,1.10889,1.10924,1.00,2.25
2015.08.27 18:37:26.488,1.10891,1.10923,1.00,1.12
2015.08.27 18:37:26.641,1.10893,1.10928,1.00,1.00
2015.08.27 18:37:27.154,1.10895,1.10929,1.00,1.00
2015.08.27 18:37:28.102,1.10895,1.10929,1.00,1.75
2015.08.27 18:37:28.361,1.10891,1.10925,1.00,1.12
2015.08.27 18:37:30.014,1.10893,1.10928,1.00,1.50
2015.08.27 18:37:30.557,1.10894,1.10928,1.00,1.00
2015.08.27 18:37:31.086,1.10894,1.10928,1.00,1.37
2015.08.27 18:37:31.137,1.10894,1.10928,1.00,1.75
2015.08.27 18:37:35.119,1.10892,1.10927,1.00,1.50
2015.08.27 18:37:35.531,1.10884,1.10919,1.37,1.00
2015.08.27 18:37:41.131,1.10888,1.10922,1.00,1.50
2015.08.27 18:37:41.334,1.10892,1.10925,1.50,1.00
2015.08.27 18:37:41.384,1.10892,1.10926,1.37,1.37
2015.08.27 18:37:41.641,1.10892,1.10929,2.25,1.00
2015.08.27 18:37:42.148,1.10899,1.1093,1.00,1.00
2015.08.27 18:37:46.610,1.10899,1.10932,1.00,1.50
2015.08.27 18:37:47.204,1.10899,1.10932,1.00,1.00
2015.08.27 18:37:49.071,1.10895,1.1093,1.00,1.00
2015.08.27 18:37:50.844,1.10899,1.10932,1.00,1.00
2015.08.27 18:37:52.260,1.10896,1.10931,1.00,1.00
2015.08.27 18:37:52.311,1.10899,1.10932,1.00,1.00
2015.08.27 18:37:55.452,1.10896,1.10931,1.00,1.00
2015.08.27 18:37:56.391,1.10896,1.10927,1.00,1.00
2015.08.27 18:37:56.493,1.10892,1.10927,1.00,1.50
2015.08.27 18:37:56.595,1.10892,1.10923,1.00,1.00
2015.08.27 18:37:56.734,1.10889,1.10923,1.00,1.00
2015.08.27 18:37:57.140,1.10885,1.1092,1.00,1.00
2015.08.27 18:38:02.116,1.10885,1.10919,1.00,1.00
2015.08.27 18:38:02.320,1.10881,1.10915,1.00,1.00
2015.08.27 18:38:02.625,1.10878,1.10913,1.00,1.75
2015.08.27 18:38:02.823,1.10883,1.10917,1.75,1.00
2015.08.27 18:38:03.380,1.10883,1.10918,1.75,1.00
2015.08.27 18:38:03.431,1.10888,1.10921,1.00,1.50
2015.08.27 18:38:03.734,1.10884,1.10921,1.50,2.25
2015.08.27 18:38:05.462,1.10886,1.10921,1.00,2.25
2015.08.27 18:38:05.564,1.1089,1.10921,1.00,1.50
2015.08.27 18:38:05.716,1.1089,1.10925,1.00,2.25
2015.08.27 18:38:06.358,1.10891,1.10925,1.00,1.50
2015.08.27 18:38:07.584,1.10893,1.10925,1.00,1.00
2015.08.27 18:38:10.162,1.10891,1.10925,1.00,1.00
2015.08.27 18:38:10.362,1.10889,1.10926,1.50,1.75
2015.08.27 18:38:10.667,1.10883,1.1092,2.62,1.37
2015.08.27 18:38:16.493,1.10885,1.1092,1.37,1.37
2015.08.27 18:38:16.595,1.10889,1.10925,1.00,1.00
2015.08.27 18:38:22.181,1.10889,1.10926,1.00,2.25
2015.08.27 18:38:22.384,1.10887,1.10922,1.00,1.75
2015.08.27 18:38:25.033,1.10884,1.10918,1.00,1.12
2015.08.27 18:38:25.447,1.10886,1.10921,1.00,1.75
2015.08.27 18:38:27.326,1.10883,1.10918,1.12,1.12
2015.08.27 18:38:39.331,1.10886,1.10921,1.00,1.75
2015.08.27 18:38:39.636,1.10889,1.10924,1.00,1.75
2015.08.27 18:38:39.737,1.10889,1.10924,1.00,1.50
2015.08.27 18:38:43.481,1.10893,1.10924,1.00,1.00
2015.08.27 18:38:46.260,1.10889,1.10924,1.00,1.00
2015.08.27 18:38:49.100,1.10889,1.10926,1.75,1.00
2015.08.27 18:38:53.291,1.10889,1.10926,1.50,1.37
2015.08.27 18:38:53.653,1.10889,1.10926,1.12,1.75
2015.08.27 18:38:54.900,1.10889,1.10926,1.37,1.37
2015.08.27 18:38:55.102,1.10893,1.10928,1.00,1.37
2015.08.27 18:38:56.282,1.10896,1.10931,1.37,1.37
2015.08.27 18:38:56.484,1.109,1.10935,1.12,1.37
2015.08.27 18:38:56.585,1.109,1.10935,1.50,1.00
2015.08.27 18:38:57.298,1.109,1.10935,1.50,1.00
2015.08.27 18:38:57.348,1.10907,1.10941,1.00,1.75
2015.08.27 18:38:57.718,1.10903,1.10938,1.50,1.00
2015.08.27 18:39:00.468,1.10903,1.10936,1.50,1.00
2015.08.27 18:39:00.569,1.10896,1.1093,1.12,1.12
2015.08.27 18:39:00.620,1.10899,1.10936,1.37,1.37
2015.08.27 18:39:00.671,1.10899,1.10936,2.25,1.00
2015.08.27 18:39:01.198,1.10904,1.1094,1.00,1.75
2015.08.27 18:39:02.477,1.10904,1.10936,1.00,1.00
2015.08.27 18:39:02.579,1.10902,1.10933,1.50,1.00
2015.08.27 18:39:02.681,1.10896,1.10933,1.12,2.25
2015.08.27 18:39:03.188,1.10894,1.10929,1.50,1.00
2015.08.27 18:39:03.717,1.10896,1.10933,1.12,2.25
2015.08.27 18:39:16.090,1.10899,1.10933,1.00,1.75
2015.08.27 18:39:16.293,1.109,1.10937,1.75,1.00
2015.08.27 18:39:18.759,1.10902,1.10937,1.37,1.00
2015.08.27 18:39:18.911,1.10903,1.1094,2.25,1.00
2015.08.27 18:39:19.012,1.10907,1.10942,1.12,1.00
2015.08.27 18:39:23.241,1.10903,1.1094,2.25,1.00
2015.08.27 18:39:27.778,1.10906,1.1094,1.50,1.00
2015.08.27 18:39:27.879,1.10911,1.10944,1.00,1.00
2015.08.27 18:39:27.980,1.10907,1.10944,1.75,1.37
2015.08.27 18:39:28.031,1.10907,1.10944,1.37,1.50
2015.08.27 18:39:28.868,1.10904,1.10939,1.75,1.00
2015.08.27 18:39:30.131,1.10906,1.10943,1.50,1.37
2015.08.27 18:39:35.267,1.10911,1.10943,1.00,1.37
2015.08.27 18:39:35.419,1.10913,1.10947,1.00,1.00
2015.08.27 18:39:35.672,1.10914,1.10949,1.50,1.50
2015.08.27 18:39:40.882,1.10913,1.10946,1.00,1.00
2015.08.27 18:39:41.035,1.1091,1.10946,1.00,1.50
2015.08.27 18:39:41.490,1.1091,1.10943,1.00,1.00
2015.08.27 18:39:48.939,1.1091,1.10945,1.50,1.00
2015.08.27 18:39:48.989,1.1091,1.10945,2.25,1.00
2015.08.27 18:39:49.091,1.10914,1.10948,1.00,1.00
2015.08.27 18:39:49.192,1.10913,1.10946,1.00,1.00
2015.08.27 18:39:49.540,1.10916,1.10946,1.00,1.00
2015.08.27 18:39:55.289,1.10919,1.10946,1.00,1.00
2015.08.27 18:39:55.391,1.10914,1.10946,1.75,1.00
2015.08.27 18:39:57.520,1.10912,1.10946,1.87,1.00
2015.08.27 18:39:57.722,1.10908,1.10945,2.62,1.75
2015.08.27 18:39:57.925,1.10908,1.10945,1.00,1.75
2015.08.27 18:39:57.976,1.10905,1.1094,1.12,1.50
2015.08.27 18:39:58.330,1.10905,1.1094,1.00,1.75
2015.08.27 18:39:59.297,1.10901,1.10936,1.12,1.12
2015.08.27 18:40:02.620,1.10897,1.10933,1.50,1.75
2015.08.27 18:40:02.926,1.10903,1.10938,1.00,2.25
2015.08.27 18:40:05.346,1.109,1.10935,1.00,1.75
2015.08.27 18:40:07.649,1.109,1.10935,1.00,1.37
2015.08.27 18:40:12.854,1.10905,1.10938,1.00,1.12
2015.08.27 18:40:13.360,1.10909,1.1094,1.00,1.00
2015.08.27 18:40:13.512,1.10909,1.10945,1.50,1.50
2015.08.27 18:40:13.754,1.10909,1.10945,1.75,1.00
2015.08.27 18:40:14.418,1.10913,1.1095,1.82,1.00
2015.08.27 18:40:14.951,1.10914,1.10949,1.85,1.00
2015.08.27 18:40:17.759,1.10917,1.10949,1.85,1.00
2015.08.27 18:40:19.464,1.10918,1.10949,1.50,1.00
2015.08.27 18:40:28.913,1.10921,1.10949,1.00,1.00
2015.08.27 18:40:37.183,1.10923,1.10956,1.00,1.00
2015.08.27 18:40:37.754,1.10923,1.10957,1.00,1.00
2015.08.27 18:40:42.378,1.1092,1.10955,1.00,1.00
2015.08.27 18:40:46.272,1.10921,1.10955,1.00,1.00
2015.08.27 18:40:47.260,1.10921,1.10948,1.00,1.00
2015.08.27 18:40:47.363,1.10918,1.10948,1.00,1.00
2015.08.27 18:40:51.333,1.10918,1.10954,1.00,1.00
2015.08.27 18:40:53.332,1.10918,1.10951,1.00,1.00
2015.08.27 18:40:53.643,1.10918,1.10944,1.00,1.00
2015.08.27 18:40:56.929,1.10915,1.10944,1.60,1.00
2015.08.27 18:40:58.364,1.10915,1.10941,1.60,1.00
2015.08.27 18:41:02.429,1.10915,1.10942,1.60,1.00
2015.08.27 18:41:02.798,1.10915,1.10935,1.00,1.00
2015.08.27 18:41:02.849,1.10911,1.10935,1.00,1.00
2015.08.27 18:41:02.900,1.10911,1.10931,1.00,1.00
2015.08.27 18:41:03.102,1.10908,1.10931,1.00,1.00
2015.08.27 18:41:03.153,1.10908,1.10927,1.00,1.00
2015.08.27 18:41:03.356,1.10903,1.10927,1.00,1.00
2015.08.27 18:41:03.577,1.109,1.10927,1.50,1.00
2015.08.27 18:41:05.285,1.109,1.10924,1.00,1.00
2015.08.27 18:41:05.538,1.10895,1.10924,1.00,1.00
2015.08.27 18:41:05.689,1.10895,1.10919,1.00,1.00
2015.08.27 18:41:06.567,1.10895,1.10926,1.50,1.00
2015.08.27 18:41:06.618,1.10895,1.10928,1.87,1.00
2015.08.27 18:41:06.922,1.10912,1.10938,1.00,1.00
2015.08.27 18:41:07.074,1.1091,1.10938,1.00,1.00
2015.08.27 18:41:07.125,1.10915,1.10938,1.00,1.00
2015.08.27 18:41:09.192,1.10915,1.10934,1.00,1.00
2015.08.27 18:41:09.243,1.1091,1.10934,1.00,1.00
2015.08.27 18:41:09.294,1.1091,1.10931,1.00,1.00
2015.08.27 18:41:09.345,1.10907,1.10931,1.00,1.00
2015.08.27 18:41:09.599,1.10903,1.10931,1.00,1.00
2015.08.27 18:41:12.984,1.10908,1.10931,1.00,1.00
2015.08.27 18:41:13.388,1.10904,1.10931,1.00,1.00
2015.08.27 18:41:14.537,1.10904,1.1093,1.00,1.00
2015.08.27 18:41:15.029,1.10904,1.10934,1.00,1.00
2015.08.27 18:41:15.846,1.10904,1.1093,1.00,1.00
2015.08.27 18:41:18.181,1.10901,1.1093,1.00,1.00
2015.08.27 18:41:18.703,1.10901,1.10927,1.00,1.00
2015.08.27 18:41:19.049,1.10897,1.10923,1.00,1.00
2015.08.27 18:41:19.466,1.10901,1.10923,1.00,1.00
2015.08.27 18:41:20.227,1.10901,1.10928,1.00,1.00
2015.08.27 18:41:21.367,1.10901,1.10926,1.00,1.00
2015.08.27 18:41:24.390,1.10901,1.10932,1.00,1.00
2015.08.27 18:41:25.219,1.10901,1.10936,1.00,1.50
2015.08.27 18:41:25.270,1.10905,1.10936,1.00,1.00
2015.08.27 18:41:25.593,1.10909,1.10936,1.00,1.00
2015.08.27 18:41:28.144,1.10904,1.10936,1.00,1.00
2015.08.27 18:41:30.315,1.10904,1.10935,1.00,1.00
2015.08.27 18:41:30.878,1.10904,1.10939,1.00,1.00
2015.08.27 18:41:30.928,1.10902,1.10937,1.00,1.00
2015.08.27 18:41:48.387,1.10899,1.10934,1.00,1.00
2015.08.27 18:41:51.149,1.10896,1.10931,1.00,1.00
2015.08.27 18:41:54.867,1.10892,1.10929,1.00,1.00
2015.08.27 18:41:59.336,1.10892,1.10928,1.00,1.00
2015.08.27 18:41:59.387,1.10889,1.10926,1.00,1.00
2015.08.27 18:42:01.806,1.10894,1.10928,1.00,1.00
2015.08.27 18:42:02.009,1.10897,1.10932,1.00,1.00
2015.08.27 18:42:02.262,1.109,1.10934,1.00,1.00
2015.08.27 18:42:02.576,1.109,1.10932,1.00,1.00
2015.08.27 18:42:02.626,1.10894,1.10929,1.00,1.00
2015.08.27 18:42:03.182,1.10894,1.10929,1.00,1.50
