2014.04.10 15:00:00.317,1.08162,1.08183,1.00,1.00
2014.04.10 15:00:00.822,1.08161,1.08183,1.00,1.10
2014.04.10 15:00:01.923,1.08159,1.08183,2.63,1.10
2014.04.10 15:00:02.024,1.08158,1.08181,1.88,1.00
2014.04.10 15:00:02.328,1.08159,1.08183,1.88,1.00
2014.04.10 15:00:02.429,1.08159,1.08181,1.88,1.00
2014.04.10 15:00:02.782,1.08159,1.0818,1.88,1.38
2014.04.10 15:00:03.338,1.08159,1.08177,1.88,1.00
2014.04.10 15:00:03.686,1.08156,1.08177,1.00,1.00
2014.04.10 15:00:03.940,1.08156,1.0818,1.08,1.13
2014.04.10 15:00:04.042,1.08158,1.08183,1.88,1.38
2014.04.10 15:00:04.295,1.08162,1.08183,1.00,1.00
2014.04.10 15:00:04.750,1.08163,1.08188,1.95,1.00
2014.04.10 15:00:04.801,1.08164,1.08188,2.70,1.00
2014.04.10 15:00:05.104,1.08168,1.08189,1.00,1.13
2014.04.10 15:00:05.632,1.08171,1.08189,1.00,1.13
2014.04.10 15:00:06.094,1.08168,1.08189,1.00,1.13
2014.04.10 15:00:06.601,1.08167,1.08189,1.00,1.13
2014.04.10 15:00:06.773,1.08166,1.08189,1.00,1.48
2014.04.10 15:00:07.278,1.08167,1.08188,1.50,1.38
2014.04.10 15:00:07.682,1.08165,1.08187,1.00,1.95
2014.04.10 15:00:07.784,1.08161,1.08187,1.00,1.95
2014.04.10 15:00:08.292,1.0816,1.08179,1.00,1.00
2014.04.10 15:00:08.444,1.08158,1.08179,2.25,1.00
2014.04.10 15:00:08.495,1.08153,1.08179,1.58,1.00
2014.04.10 15:00:09.325,1.08156,1.0818,1.38,1.10
2014.04.10 15:00:09.628,1.08167,1.08183,1.00,1.38
2014.04.10 15:00:10.138,1.08167,1.08182,1.00,3.00
2014.04.10 15:00:10.314,1.08162,1.08178,1.00,2.70
2014.04.10 15:00:10.365,1.08162,1.0817,1.00,1.00
2014.04.10 15:00:10.568,1.08162,1.08175,1.00,1.35
2014.04.10 15:00:10.619,1.08162,1.08178,1.00,2.25
2014.04.10 15:00:11.381,1.08156,1.08177,1.00,1.73
2014.04.10 15:00:11.583,1.08156,1.08174,1.00,2.25
2014.04.10 15:00:11.987,1.08156,1.08178,1.00,2.48
2014.04.10 15:00:12.139,1.08156,1.08178,1.38,2.48
2014.04.10 15:00:12.241,1.08156,1.08178,1.00,2.48
2014.04.10 15:00:12.545,1.08156,1.08175,1.00,1.00
2014.04.10 15:00:12.596,1.08151,1.08175,1.50,1.50
2014.04.10 15:00:12.647,1.08151,1.08175,1.88,1.50
2014.04.10 15:00:13.152,1.08148,1.08174,3.38,1.00
2014.04.10 15:00:13.253,1.08148,1.08174,3.38,1.00
2014.04.10 15:00:13.354,1.08152,1.08174,1.00,1.00
2014.04.10 15:00:13.868,1.08152,1.08175,1.38,1.00
2014.04.10 15:00:14.180,1.08157,1.08175,1.00,1.35
2014.04.10 15:00:14.230,1.08157,1.08178,1.00,1.00
2014.04.10 15:00:14.762,1.08157,1.08177,1.50,1.00
2014.04.10 15:00:15.878,1.08166,1.08177,1.00,1.00
2014.04.10 15:00:16.132,1.08157,1.08174,1.00,1.00
2014.04.10 15:00:16.233,1.08157,1.08177,1.00,1.38
2014.04.10 15:00:16.334,1.08154,1.08177,1.00,1.38
2014.04.10 15:00:16.688,1.08157,1.08174,1.00,1.00
2014.04.10 15:00:16.891,1.08157,1.08178,1.50,1.00
2014.04.10 15:00:16.941,1.08159,1.08178,1.00,1.00
2014.04.10 15:00:17.245,1.08161,1.08181,1.18,1.13
2014.04.10 15:00:17.296,1.08161,1.08183,1.18,1.13
2014.04.10 15:00:17.447,1.08159,1.08183,1.10,1.13
2014.04.10 15:00:17.902,1.08156,1.08184,1.48,1.38
2014.04.10 15:00:17.953,1.0816,1.08184,1.00,1.38
2014.04.10 15:00:18.676,1.08167,1.08185,1.00,1.38
2014.04.10 15:00:18.727,1.08167,1.08185,1.00,1.00
2014.04.10 15:00:18.778,1.08165,1.08185,1.00,1.00
2014.04.10 15:00:19.031,1.08165,1.08187,1.00,1.13
2014.04.10 15:00:19.132,1.08161,1.08188,1.88,1.13
2014.04.10 15:00:19.359,1.08161,1.08188,1.50,1.13
2014.04.10 15:00:19.663,1.08161,1.08191,1.10,1.58
2014.04.10 15:00:20.545,1.0816,1.08191,1.50,1.65
2014.04.10 15:00:20.912,1.0816,1.08191,1.00,2.03
2014.04.10 15:00:21.374,1.0816,1.08191,1.20,1.58
2014.04.10 15:00:21.879,1.08165,1.08191,1.10,1.13
2014.04.10 15:00:21.980,1.08165,1.08195,1.10,1.95
2014.04.10 15:00:22.183,1.08168,1.08197,1.50,1.28
2014.04.10 15:00:22.760,1.08168,1.08195,1.50,1.28
2014.04.10 15:00:23.182,1.08165,1.08195,1.10,1.20
2014.04.10 15:00:23.700,1.08165,1.08194,1.00,1.53
2014.04.10 15:00:24.387,1.08165,1.08189,1.00,1.00
2014.04.10 15:00:24.539,1.0816,1.08189,1.28,1.00
2014.04.10 15:00:25.216,1.08159,1.08191,2.78,1.18
2014.04.10 15:00:25.368,1.08159,1.08189,4.58,1.20
2014.04.10 15:00:25.672,1.08159,1.08187,2.63,1.65
2014.04.10 15:00:25.833,1.0816,1.08189,1.13,1.53
2014.04.10 15:00:26.255,1.08159,1.08192,2.70,5.40
2014.04.10 15:00:26.803,1.08159,1.08192,2.70,3.90
2014.04.10 15:00:27.954,1.08159,1.08192,4.58,2.03
2014.04.10 15:00:28.106,1.08159,1.08192,3.08,2.03
2014.04.10 15:00:28.616,1.08164,1.08194,1.00,2.03
2014.04.10 15:00:28.922,1.08164,1.08188,1.00,1.13
2014.04.10 15:00:29.963,1.08161,1.08191,1.13,1.53
2014.04.10 15:00:30.014,1.08161,1.08191,1.13,4.65
2014.04.10 15:00:30.348,1.08161,1.08189,1.00,1.53
2014.04.10 15:00:30.499,1.08161,1.08189,1.00,1.53
2014.04.10 15:00:31.281,1.08161,1.08183,1.00,1.00
2014.04.10 15:00:31.584,1.08158,1.08177,1.00,1.00
2014.04.10 15:00:32.125,1.08157,1.08176,1.38,1.00
2014.04.10 15:00:32.647,1.08157,1.08177,1.38,1.00
2014.04.10 15:00:33.265,1.08157,1.0818,1.38,1.50
2014.04.10 15:00:33.805,1.08157,1.0818,1.38,1.50
2014.04.10 15:00:34.299,1.08158,1.08174,1.88,1.00
2014.04.10 15:00:34.813,1.08159,1.08174,1.88,1.00
2014.04.10 15:00:35.406,1.08153,1.08179,1.88,1.38
2014.04.10 15:00:35.965,1.08154,1.08181,1.88,3.15
2014.04.10 15:00:36.502,1.08158,1.08181,1.88,1.28
2014.04.10 15:00:36.860,1.08158,1.08181,1.88,1.13
2014.04.10 15:00:37.393,1.08159,1.08181,1.88,1.13
2014.04.10 15:00:37.925,1.08158,1.08182,1.88,1.48
2014.04.10 15:00:38.503,1.08159,1.08182,1.88,1.48
2014.04.10 15:00:39.131,1.08158,1.08182,1.88,1.48
2014.04.10 15:00:39.671,1.08159,1.08182,1.88,1.48
2014.04.10 15:00:40.204,1.08158,1.08182,1.88,1.48
2014.04.10 15:00:41.236,1.08159,1.08181,1.88,1.13
2014.04.10 15:00:41.784,1.08158,1.08181,1.88,1.13
2014.04.10 15:00:42.297,1.08154,1.08181,1.88,2.40
2014.04.10 15:00:42.803,1.08154,1.08183,2.63,1.95
2014.04.10 15:00:42.904,1.08155,1.08184,1.48,2.33
2014.04.10 15:00:43.443,1.08159,1.08184,1.00,1.13
2014.04.10 15:00:43.747,1.08159,1.08188,1.10,1.95
2014.04.10 15:00:44.370,1.0816,1.08188,1.00,1.88
2014.04.10 15:00:45.019,1.0816,1.08188,1.00,2.03
2014.04.10 15:00:45.551,1.08158,1.08188,1.38,2.33
2014.04.10 15:00:45.659,1.08158,1.08187,1.20,1.00
2014.04.10 15:00:45.911,1.08159,1.08187,1.88,1.13
2014.04.10 15:00:46.225,1.08159,1.08187,1.00,1.13
2014.04.10 15:00:46.989,1.08159,1.08187,1.00,1.38
2014.04.10 15:00:48.286,1.08159,1.08187,1.38,2.03
2014.04.10 15:00:48.387,1.08158,1.08184,1.88,1.50
2014.04.10 15:00:48.488,1.08156,1.08181,1.00,1.38
2014.04.10 15:00:48.792,1.08155,1.08186,1.65,1.00
2014.04.10 15:00:49.215,1.08159,1.08186,1.88,1.50
2014.04.10 15:00:49.316,1.08159,1.08186,1.88,2.25
2014.04.10 15:00:49.417,1.08158,1.08182,1.00,1.00
2014.04.10 15:00:49.468,1.08155,1.08182,1.00,1.00
2014.04.10 15:00:49.569,1.08155,1.08185,1.50,1.38
2014.04.10 15:00:49.620,1.08159,1.08185,1.88,1.38
2014.04.10 15:00:50.151,1.08158,1.08185,2.78,1.00
2014.04.10 15:00:51.002,1.08159,1.08185,2.03,1.00
2014.04.10 15:00:51.800,1.08158,1.08185,2.03,1.00
2014.04.10 15:00:52.966,1.08159,1.08185,2.03,1.00
2014.04.10 15:00:53.506,1.08158,1.08185,2.03,1.00
2014.04.10 15:00:55.037,1.08159,1.08185,2.03,1.00
2014.04.10 15:00:55.540,1.08155,1.08185,3.53,1.00
2014.04.10 15:00:56.065,1.08158,1.08185,1.88,1.18
2014.04.10 15:00:56.600,1.08159,1.08185,1.88,1.55
2014.04.10 15:00:56.752,1.08159,1.08186,1.88,2.78
2014.04.10 15:00:57.061,1.08164,1.08187,4.80,1.00
2014.04.10 15:00:57.163,1.08164,1.08192,1.10,1.38
2014.04.10 15:00:57.767,1.08163,1.08192,2.25,1.55
2014.04.10 15:00:58.259,1.08163,1.08192,2.25,1.53
2014.04.10 15:00:58.532,1.08163,1.08191,1.00,3.45
2014.04.10 15:00:59.078,1.08162,1.08191,1.50,2.70
2014.04.10 15:00:59.541,1.08162,1.08191,1.50,3.53
2014.04.10 15:01:00.993,1.08162,1.0819,1.00,2.25
2014.04.10 15:01:01.857,1.08162,1.08191,1.00,4.20
2014.04.10 15:01:02.128,1.08176,1.08186,1.00,1.00
2014.04.10 15:01:02.281,1.08176,1.08195,1.00,1.10
2014.04.10 15:01:02.383,1.08171,1.08195,2.10,1.10
2014.04.10 15:01:02.484,1.08171,1.08195,1.00,1.18
2014.04.10 15:01:03.012,1.08171,1.08192,1.00,2.03
2014.04.10 15:01:06.243,1.08171,1.0819,1.00,1.00
2014.04.10 15:01:07.664,1.08171,1.08191,1.00,3.83
2014.04.10 15:01:08.019,1.08163,1.08185,3.75,1.00
2014.04.10 15:01:08.525,1.08162,1.08184,1.00,1.00
2014.04.10 15:01:08.676,1.08166,1.08184,1.00,1.00
2014.04.10 15:01:08.907,1.08162,1.08185,1.38,1.50
2014.04.10 15:01:09.432,1.08162,1.08184,1.38,1.00
2014.04.10 15:01:09.875,1.08167,1.08184,1.00,1.00
2014.04.10 15:01:10.179,1.08169,1.08183,1.00,1.00
2014.04.10 15:01:10.484,1.0816,1.08184,1.38,1.00
2014.04.10 15:01:10.604,1.0816,1.08184,1.00,1.00
2014.04.10 15:01:11.013,1.08158,1.08184,2.70,1.00
2014.04.10 15:01:11.216,1.08158,1.0818,1.88,1.00
2014.04.10 15:01:11.520,1.08158,1.08179,1.88,1.00
2014.04.10 15:01:11.773,1.08155,1.08177,1.48,1.00
2014.04.10 15:01:11.975,1.08151,1.08172,1.00,1.00
2014.04.10 15:01:12.278,1.08153,1.08171,1.88,1.00
2014.04.10 15:01:12.476,1.08153,1.08171,1.88,1.00
2014.04.10 15:01:12.589,1.08153,1.08173,1.88,1.00
2014.04.10 15:01:13.199,1.08156,1.08175,1.00,2.25
2014.04.10 15:01:13.249,1.08156,1.08178,1.00,2.25
2014.04.10 15:01:13.300,1.08158,1.08178,1.88,1.00
2014.04.10 15:01:13.562,1.08159,1.08182,1.88,1.15
2014.04.10 15:01:14.182,1.08158,1.08182,1.88,1.15
2014.04.10 15:01:14.719,1.08154,1.08182,2.63,1.15
2014.04.10 15:01:15.261,1.08153,1.08182,2.63,1.28
2014.04.10 15:01:15.877,1.08154,1.08182,1.88,3.53
2014.04.10 15:01:16.661,1.08153,1.08181,1.88,1.18
2014.04.10 15:01:17.310,1.08154,1.08181,1.88,1.18
2014.04.10 15:01:17.917,1.08153,1.08182,1.88,1.15
2014.04.10 15:01:18.757,1.08154,1.08182,1.88,1.15
2014.04.10 15:01:19.506,1.08153,1.08182,1.88,1.53
2014.04.10 15:01:20.097,1.08154,1.08182,1.88,1.53
2014.04.10 15:01:20.448,1.08154,1.08182,1.88,1.53
2014.04.10 15:01:20.971,1.08153,1.0818,1.88,1.15
2014.04.10 15:01:21.563,1.08154,1.0818,1.88,1.15
2014.04.10 15:01:22.541,1.08153,1.0818,1.88,1.15
2014.04.10 15:01:23.078,1.08154,1.08178,1.88,1.65
2014.04.10 15:01:23.618,1.08149,1.08178,1.88,2.03
2014.04.10 15:01:24.434,1.08148,1.08178,1.95,2.03
2014.04.10 15:01:25.022,1.08149,1.08178,1.88,2.03
2014.04.10 15:01:27.328,1.08148,1.08178,1.95,2.03
2014.04.10 15:01:27.915,1.08149,1.08178,1.88,2.03
2014.04.10 15:01:28.447,1.08153,1.08178,1.88,2.03
2014.04.10 15:01:29.018,1.08154,1.08178,1.88,1.65
2014.04.10 15:01:29.566,1.08149,1.08177,1.00,1.10
2014.04.10 15:01:30.175,1.08148,1.08177,1.10,1.10
2014.04.10 15:01:31.703,1.08149,1.08177,1.00,1.10
2014.04.10 15:01:32.418,1.08148,1.08177,1.10,1.10
2014.04.10 15:01:33.039,1.08149,1.08177,1.00,1.10
2014.04.10 15:01:33.806,1.08148,1.08177,1.10,1.10
2014.04.10 15:01:34.120,1.08154,1.08177,1.88,1.10
2014.04.10 15:01:35.045,1.08153,1.08177,1.88,1.10
2014.04.10 15:01:35.630,1.08154,1.08177,1.88,1.10
2014.04.10 15:01:36.488,1.08153,1.08177,1.88,1.10
2014.04.10 15:01:37.109,1.08154,1.08177,1.88,1.10
2014.04.10 15:01:38.344,1.08154,1.08176,1.88,1.00
2014.04.10 15:01:39.089,1.08153,1.08176,1.88,1.38
2014.04.10 15:01:40.095,1.08154,1.08176,1.88,1.38
2014.04.10 15:01:41.598,1.08153,1.08176,1.88,1.38
2014.04.10 15:01:42.179,1.08154,1.08176,1.88,1.38
2014.04.10 15:01:42.696,1.08149,1.08175,1.38,1.00
2014.04.10 15:01:43.465,1.08149,1.08175,1.88,1.00
2014.04.10 15:01:44.039,1.08148,1.08175,2.63,1.00
2014.04.10 15:01:44.649,1.08149,1.08175,1.88,1.00
2014.04.10 15:01:46.000,1.08149,1.08173,1.88,1.00
2014.04.10 15:01:46.513,1.08148,1.08173,1.88,1.13
2014.04.10 15:01:47.026,1.08149,1.08173,1.88,1.13
2014.04.10 15:01:47.720,1.08148,1.08173,1.88,1.13
2014.04.10 15:01:49.837,1.08149,1.08173,1.88,1.13
2014.04.10 15:01:50.347,1.08148,1.08173,2.63,1.13
2014.04.10 15:01:51.558,1.08149,1.08173,2.03,1.13
2014.04.10 15:01:52.598,1.08149,1.08173,1.55,1.13
2014.04.10 15:01:53.141,1.08149,1.08173,2.78,1.13
2014.04.10 15:01:53.437,1.08143,1.08172,2.03,1.13
2014.04.10 15:01:53.539,1.08142,1.0817,1.45,1.08
2014.04.10 15:01:53.642,1.08142,1.0817,1.38,1.18
2014.04.10 15:01:54.616,1.08144,1.0817,1.88,1.55
2014.04.10 15:01:55.348,1.08142,1.0817,1.38,1.55
2014.04.10 15:01:55.925,1.08142,1.0817,1.38,1.95
2014.04.10 15:01:56.799,1.0814,1.08169,1.55,1.88
2014.04.10 15:01:57.475,1.08144,1.08169,1.88,1.88
2014.04.10 15:01:58.231,1.08143,1.08169,1.13,1.88
2014.04.10 15:01:58.806,1.08143,1.08169,1.38,1.50
2014.04.10 15:01:59.345,1.08144,1.0817,1.88,1.13
2014.04.10 15:01:59.889,1.08156,1.0817,1.00,1.13
2014.04.10 15:01:59.940,1.08156,1.08172,1.00,1.00
2014.04.10 15:02:00.446,1.08156,1.08174,1.00,1.38
2014.04.10 15:02:00.547,1.08151,1.08174,1.00,1.38
2014.04.10 15:02:01.567,1.08156,1.08174,1.00,1.38
2014.04.10 15:02:06.642,1.08149,1.08174,1.00,1.38
2014.04.10 15:02:07.149,1.08147,1.08173,1.48,1.13
2014.04.10 15:02:07.758,1.08147,1.08173,1.48,1.13
2014.04.10 15:02:08.338,1.08148,1.08173,1.88,1.13
2014.04.10 15:02:08.388,1.08151,1.08173,1.10,1.13
2014.04.10 15:02:10.908,1.08152,1.08173,1.00,1.13
2014.04.10 15:02:11.212,1.08146,1.0817,1.55,1.00
2014.04.10 15:02:11.520,1.08148,1.08173,1.50,1.13
2014.04.10 15:02:12.030,1.08149,1.08174,2.63,1.38
2014.04.10 15:02:12.131,1.08149,1.08176,1.58,1.00
2014.04.10 15:02:12.233,1.08149,1.08176,1.65,1.00
2014.04.10 15:02:12.587,1.0815,1.08177,2.25,1.50
2014.04.10 15:02:12.916,1.08149,1.08174,1.88,1.00
2014.04.10 15:02:13.221,1.08149,1.08171,1.88,1.00
2014.04.10 15:02:13.727,1.08144,1.08171,1.53,1.00
2014.04.10 15:02:14.405,1.08144,1.08171,2.03,1.50
2014.04.10 15:02:15.061,1.08143,1.08171,2.03,1.00
2014.04.10 15:02:15.580,1.08143,1.08171,2.03,1.38
2014.04.10 15:02:15.842,1.08143,1.08171,2.03,1.88
2014.04.10 15:02:15.943,1.08143,1.08171,1.88,1.88
2014.04.10 15:02:16.460,1.08144,1.0817,1.88,1.13
2014.04.10 15:02:17.311,1.08143,1.0817,1.88,1.13
2014.04.10 15:02:17.697,1.08144,1.0817,2.63,1.13
2014.04.10 15:02:19.021,1.08143,1.0817,3.38,1.13
2014.04.10 15:02:19.766,1.08144,1.0817,2.63,1.13
2014.04.10 15:02:20.871,1.08143,1.0817,3.38,1.13
2014.04.10 15:02:21.699,1.08146,1.0817,1.88,1.38
2014.04.10 15:02:22.206,1.08146,1.08171,1.88,1.38
2014.04.10 15:02:22.738,1.08146,1.08171,1.88,1.88
2014.04.10 15:02:23.290,1.08146,1.0817,1.88,1.13
2014.04.10 15:02:24.322,1.08143,1.0817,1.88,1.13
2014.04.10 15:02:26.224,1.08144,1.0817,1.88,1.13
2014.04.10 15:02:26.842,1.08146,1.08171,1.38,1.38
2014.04.10 15:02:27.633,1.08145,1.08169,1.38,1.00
2014.04.10 15:02:28.181,1.08147,1.0817,1.38,1.13
2014.04.10 15:02:29.196,1.08147,1.0817,1.88,1.13
2014.04.10 15:02:29.738,1.08147,1.0817,1.38,1.13
2014.04.10 15:02:30.786,1.08143,1.08171,3.38,1.38
2014.04.10 15:02:31.299,1.08149,1.0817,1.13,1.13
2014.04.10 15:02:33.021,1.08149,1.0817,1.00,1.38
2014.04.10 15:02:33.348,1.08154,1.0817,1.00,1.00
2014.04.10 15:02:33.449,1.08153,1.08174,1.00,1.38
2014.04.10 15:02:33.970,1.08153,1.08174,1.00,1.13
2014.04.10 15:02:34.171,1.08155,1.08174,1.00,1.13
2014.04.10 15:02:36.135,1.08156,1.08174,1.00,1.13
2014.04.10 15:02:36.287,1.08153,1.08174,1.00,1.00
2014.04.10 15:02:36.489,1.08153,1.08178,1.00,1.38
2014.04.10 15:02:37.168,1.08157,1.08178,1.00,1.38
2014.04.10 15:02:44.428,1.08154,1.08177,2.25,1.38
2014.04.10 15:03:00.971,1.08152,1.08177,1.00,2.40
2014.04.10 15:03:01.274,1.08148,1.08171,1.13,1.15
2014.04.10 15:03:01.544,1.08143,1.08171,1.88,1.15
2014.04.10 15:03:02.382,1.08144,1.08171,1.88,1.15
2014.04.10 15:03:02.993,1.08142,1.0817,1.38,1.55
2014.04.10 15:03:03.543,1.08142,1.08166,1.38,1.00
2014.04.10 15:03:04.275,1.08141,1.08166,1.88,1.38
2014.04.10 15:03:04.593,1.08145,1.08166,1.00,1.13
2014.04.10 15:03:04.796,1.08142,1.08167,1.50,1.48
2014.04.10 15:03:04.949,1.08142,1.08163,1.00,1.00
2014.04.10 15:03:05.328,1.08139,1.08163,1.88,1.10
2014.04.10 15:03:05.430,1.08138,1.08163,1.88,1.10
2014.04.10 15:03:05.955,1.08139,1.08164,1.88,1.45
2014.04.10 15:03:06.479,1.0814,1.08164,1.38,1.38
2014.04.10 15:03:07.027,1.0814,1.08164,1.38,1.38
2014.04.10 15:03:08.169,1.0814,1.08164,1.38,1.38
2014.04.10 15:03:09.331,1.0814,1.08164,1.38,1.38
2014.04.10 15:03:10.356,1.0814,1.08163,1.38,1.13
2014.04.10 15:03:10.877,1.0814,1.08163,1.38,1.13
2014.04.10 15:03:11.396,1.0814,1.08163,1.38,1.13
2014.04.10 15:03:12.468,1.0814,1.08163,1.38,1.13
2014.04.10 15:03:13.620,1.0814,1.08163,1.38,1.13
2014.04.10 15:03:14.413,1.0814,1.08163,1.38,1.13
2014.04.10 15:03:15.365,1.0814,1.08163,1.38,1.13
2014.04.10 15:03:16.060,1.0814,1.08163,1.38,1.13
2014.04.10 15:03:17.375,1.0814,1.08163,1.38,1.13
2014.04.10 15:03:17.983,1.0814,1.08163,1.38,1.13
2014.04.10 15:03:18.237,1.08138,1.0816,2.82,1.32
2014.04.10 15:03:18.389,1.08146,1.0816,1.00,1.13
2014.04.10 15:03:18.743,1.08138,1.08161,1.63,1.25
2014.04.10 15:03:19.011,1.08137,1.0816,1.38,1.19
2014.04.10 15:03:19.264,1.08137,1.08161,1.00,1.57
2014.04.10 15:03:19.370,1.08135,1.08161,2.25,1.57
2014.04.10 15:03:19.727,1.08138,1.08161,1.00,1.57
2014.04.10 15:03:21.718,1.08143,1.0816,1.00,1.38
2014.04.10 15:03:21.820,1.08143,1.08164,1.00,1.57
2014.04.10 15:03:22.123,1.08139,1.08163,1.13,1.32
2014.04.10 15:03:22.730,1.08138,1.08161,1.38,1.69
2014.04.10 15:03:23.033,1.08139,1.08164,1.88,1.19
2014.04.10 15:03:24.063,1.08139,1.08166,1.00,2.07
2014.04.10 15:03:25.714,1.08139,1.08162,1.00,1.00
2014.04.10 15:03:25.765,1.08139,1.08162,1.00,1.69
2014.04.10 15:03:27.039,1.08139,1.08165,1.10,1.19
2014.04.10 15:03:27.569,1.08139,1.08162,1.00,1.69
2014.04.10 15:03:28.769,1.08139,1.08161,1.00,1.19
2014.04.10 15:03:30.750,1.08139,1.0816,1.00,1.19
2014.04.10 15:03:31.654,1.08139,1.08161,1.00,1.19
2014.04.10 15:03:32.660,1.08139,1.08162,1.00,1.69
2014.04.10 15:03:32.812,1.08137,1.08161,1.38,1.13
2014.04.10 15:03:33.015,1.08139,1.08161,1.00,1.19
2014.04.10 15:03:33.483,1.08142,1.0816,1.00,1.54
2014.04.10 15:03:33.892,1.08138,1.08159,1.38,2.29
2014.04.10 15:03:33.943,1.08135,1.08159,1.48,2.67
2014.04.10 15:03:33.994,1.08133,1.08159,2.22,2.67
2014.04.10 15:03:34.146,1.08141,1.08159,1.00,1.54
2014.04.10 15:03:34.348,1.08137,1.08161,1.38,1.69
2014.04.10 15:03:34.803,1.08134,1.08161,1.88,1.57
2014.04.10 15:03:35.109,1.08137,1.08158,1.00,1.57
2014.04.10 15:03:35.210,1.08137,1.08161,1.00,1.39
2014.04.10 15:03:35.721,1.08137,1.08159,1.38,1.63
2014.04.10 15:03:36.550,1.08133,1.0816,2.07,1.63
2014.04.10 15:03:37.597,1.08134,1.0816,2.07,1.57
2014.04.10 15:03:38.287,1.08134,1.08161,2.07,1.69
2014.04.10 15:03:38.832,1.08133,1.08161,2.07,1.19
2014.04.10 15:03:39.341,1.08133,1.08161,2.22,1.19
2014.04.10 15:03:40.001,1.08134,1.08162,2.97,1.57
2014.04.10 15:03:40.204,1.08133,1.08157,2.07,1.00
2014.04.10 15:03:40.507,1.08136,1.08155,1.38,1.00
2014.04.10 15:03:40.558,1.08136,1.08157,1.38,1.00
2014.04.10 15:03:40.811,1.08136,1.08162,1.38,1.19
2014.04.10 15:03:41.000,1.08136,1.08163,1.00,1.69
2014.04.10 15:03:42.715,1.08136,1.08163,1.19,1.69
2014.04.10 15:03:43.871,1.08137,1.08163,1.19,1.19
2014.04.10 15:03:44.175,1.08144,1.08164,1.00,2.63
2014.04.10 15:03:44.486,1.08144,1.08166,1.19,1.00
2014.04.10 15:03:45.156,1.08144,1.0817,1.19,2.22
2014.04.10 15:03:47.389,1.0814,1.08167,1.19,1.19
2014.04.10 15:03:48.504,1.0814,1.08165,1.19,2.44
2014.04.10 15:03:49.489,1.0814,1.08165,1.19,1.19
2014.04.10 15:03:50.313,1.08144,1.08165,1.00,1.19
2014.04.10 15:03:50.617,1.08144,1.08164,1.00,1.19
2014.04.10 15:03:51.118,1.08145,1.08164,1.00,1.19
2014.04.10 15:03:51.169,1.0814,1.08164,1.00,1.19
2014.04.10 15:03:51.371,1.08142,1.08164,1.00,1.19
2014.04.10 15:03:52.198,1.08142,1.08164,1.25,1.19
2014.04.10 15:03:53.245,1.08142,1.08164,1.19,1.25
2014.04.10 15:03:54.332,1.08142,1.08164,1.00,1.19
2014.04.10 15:03:55.557,1.0814,1.08164,1.25,3.19
2014.04.10 15:03:56.066,1.0814,1.08164,1.00,3.19
2014.04.10 15:03:59.661,1.08138,1.08164,1.39,3.94
2014.04.10 15:03:59.762,1.08138,1.08162,1.38,1.19
2014.04.10 15:04:00.363,1.08137,1.08158,1.57,1.00
2014.04.10 15:04:02.709,1.08137,1.08158,1.25,1.50
2014.04.10 15:04:05.558,1.08138,1.08158,1.00,1.69
2014.04.10 15:04:06.102,1.08137,1.08158,1.63,1.69
2014.04.10 15:04:06.676,1.08138,1.08158,1.13,1.25
2014.04.10 15:04:07.717,1.08138,1.08158,1.38,1.00
2014.04.10 15:04:07.949,1.08139,1.0816,1.13,1.25
2014.04.10 15:04:09.226,1.08139,1.08164,2.82,1.32
2014.04.10 15:04:11.646,1.08143,1.08164,1.00,1.19
2014.04.10 15:04:12.066,1.08147,1.08164,1.00,1.69
2014.04.10 15:04:12.572,1.08148,1.08164,1.00,1.69
2014.04.10 15:04:12.723,1.0815,1.08167,1.00,2.07
2014.04.10 15:04:12.875,1.0815,1.08164,1.00,1.00
2014.04.10 15:04:13.338,1.08149,1.08159,1.00,1.00
2014.04.10 15:04:13.389,1.08141,1.08159,1.19,1.00
2014.04.10 15:04:13.541,1.08141,1.08159,1.19,1.00
2014.04.10 15:04:14.833,1.08138,1.08159,1.57,1.00
2014.04.10 15:04:15.141,1.08136,1.08159,2.52,1.00
2014.04.10 15:04:15.708,1.08137,1.08159,1.69,1.00
2014.04.10 15:04:16.226,1.08137,1.08159,1.69,1.00
2014.04.10 15:04:17.198,1.08138,1.08159,1.38,1.00
2014.04.10 15:04:17.790,1.08138,1.08159,1.13,1.19
2014.04.10 15:04:18.550,1.08138,1.08159,1.38,1.19
2014.04.10 15:04:19.220,1.08138,1.08159,1.57,1.00
2014.04.10 15:04:19.891,1.08138,1.08159,1.32,1.00
2014.04.10 15:04:20.535,1.08138,1.08159,1.63,1.00
2014.04.10 15:04:21.201,1.08138,1.08159,1.32,1.00
2014.04.10 15:04:22.495,1.08138,1.08159,1.63,1.00
2014.04.10 15:04:23.000,1.08138,1.08159,1.13,1.00
2014.04.10 15:04:23.543,1.08138,1.08159,1.38,1.00
2014.04.10 15:04:26.010,1.08138,1.08159,1.13,1.19
2014.04.10 15:04:26.523,1.08138,1.08159,1.38,1.19
2014.04.10 15:04:27.144,1.08138,1.08159,1.00,1.19
2014.04.10 15:04:28.570,1.08138,1.08159,1.25,1.25
2014.04.10 15:04:28.621,1.08134,1.08154,2.82,1.00
2014.04.10 15:04:28.772,1.08134,1.08154,2.82,1.00
2014.04.10 15:04:29.933,1.08133,1.08154,2.07,1.00
2014.04.10 15:04:30.617,1.08135,1.08157,1.25,1.19
2014.04.10 15:04:30.718,1.08135,1.08159,1.63,2.07
2014.04.10 15:04:31.267,1.08134,1.08156,1.57,1.25
2014.04.10 15:04:31.782,1.08134,1.08157,1.57,1.19
2014.04.10 15:04:32.297,1.08139,1.08156,1.88,1.19
2014.04.10 15:04:32.964,1.08138,1.08157,1.88,1.19
2014.04.10 15:04:33.677,1.08139,1.08156,1.88,1.19
2014.04.10 15:04:34.407,1.08138,1.08157,1.88,1.19
2014.04.10 15:04:34.956,1.08139,1.08156,1.88,1.19
2014.04.10 15:04:35.120,1.08138,1.08157,1.88,1.25
2014.04.10 15:04:35.840,1.08139,1.08156,1.88,1.00
2014.04.10 15:04:36.925,1.08138,1.08157,1.88,1.19
2014.04.10 15:04:37.128,1.08139,1.08154,1.88,1.00
2014.04.10 15:04:37.966,1.08138,1.08154,1.88,1.00
2014.04.10 15:04:38.481,1.08138,1.08157,1.88,1.19
2014.04.10 15:04:39.173,1.08139,1.08156,1.88,1.19
2014.04.10 15:04:39.688,1.08139,1.08156,1.88,1.25
2014.04.10 15:04:40.319,1.08138,1.08157,1.88,1.19
2014.04.10 15:04:40.525,1.08138,1.08157,1.88,1.00
2014.04.10 15:04:41.339,1.08139,1.08156,1.88,1.00
2014.04.10 15:04:41.881,1.08138,1.08157,1.88,1.00
2014.04.10 15:04:42.576,1.08139,1.08156,1.88,1.00
2014.04.10 15:04:43.463,1.08138,1.08157,1.88,1.25
2014.04.10 15:04:44.126,1.08139,1.08156,1.88,1.00
2014.04.10 15:04:45.452,1.08138,1.08157,1.88,1.25
2014.04.10 15:04:46.432,1.08139,1.08156,1.88,1.00
2014.04.10 15:04:48.195,1.08138,1.08157,1.88,1.19
2014.04.10 15:04:48.776,1.08139,1.08156,1.88,1.25
2014.04.10 15:04:49.384,1.08138,1.08157,1.88,1.19
2014.04.10 15:04:49.921,1.08139,1.08156,1.88,1.19
2014.04.10 15:04:50.582,1.08138,1.08157,1.88,1.19
2014.04.10 15:04:51.096,1.08139,1.08156,1.88,1.19
2014.04.10 15:04:52.740,1.08138,1.08157,1.88,1.19
2014.04.10 15:04:54.512,1.08139,1.08156,1.88,1.19
2014.04.10 15:04:55.034,1.08138,1.08157,1.88,1.69
2014.04.10 15:04:55.638,1.08139,1.08154,1.88,1.00
2014.04.10 15:04:56.513,1.08139,1.08154,1.88,1.19
2014.04.10 15:04:57.262,1.08138,1.08154,1.88,1.19
2014.04.10 15:04:57.797,1.08139,1.08154,1.88,1.19
2014.04.10 15:04:58.357,1.08138,1.08154,1.88,1.69
2014.04.10 15:05:00.236,1.08139,1.08154,1.88,1.69
2014.04.10 15:05:00.360,1.08139,1.08154,1.88,1.25
2014.04.10 15:05:00.910,1.08133,1.08153,1.88,1.19
2014.04.10 15:05:01.244,1.08134,1.08153,1.88,1.19
2014.04.10 15:05:01.986,1.08133,1.08153,1.88,1.19
2014.04.10 15:05:02.504,1.08134,1.08153,1.88,1.19
2014.04.10 15:05:03.416,1.08133,1.08153,1.88,1.19
2014.04.10 15:05:04.298,1.08133,1.08153,1.88,1.19
2014.04.10 15:05:05.104,1.08134,1.08153,1.88,1.19
2014.04.10 15:05:05.764,1.08133,1.08153,1.88,1.19
2014.04.10 15:05:06.821,1.08133,1.08153,1.88,1.19
2014.04.10 15:05:07.352,1.08134,1.08153,1.88,1.19
2014.04.10 15:05:08.096,1.08133,1.08153,1.88,1.19
2014.04.10 15:05:09.003,1.08134,1.08154,1.88,1.69
2014.04.10 15:05:10.250,1.08133,1.08153,1.88,1.19
2014.04.10 15:05:10.755,1.08134,1.08153,1.88,1.34
2014.04.10 15:05:11.452,1.08134,1.08153,1.88,1.37
2014.04.10 15:05:12.037,1.08133,1.08153,1.88,1.37
2014.04.10 15:05:12.540,1.08134,1.08153,1.88,1.37
2014.04.10 15:05:12.894,1.08128,1.08153,1.88,1.84
2014.04.10 15:05:13.618,1.08129,1.08151,1.88,1.37
2014.04.10 15:05:13.773,1.08128,1.08151,1.88,1.37
2014.04.10 15:05:14.099,1.08129,1.08151,1.88,1.77
2014.04.10 15:05:14.149,1.08129,1.08151,1.88,1.69
2014.04.10 15:05:14.251,1.08129,1.08154,1.57,2.22
2014.04.10 15:05:14.756,1.08134,1.08153,1.00,1.32
2014.04.10 15:05:19.475,1.08132,1.08153,1.00,1.38
2014.04.10 15:05:27.604,1.08132,1.08153,1.19,1.38
2014.04.10 15:05:29.227,1.08132,1.08153,1.25,1.38
2014.04.10 15:05:32.704,1.08132,1.08154,1.25,1.10
2014.04.10 15:05:34.316,1.08134,1.08154,1.00,1.02
2014.04.10 15:05:34.984,1.08134,1.08154,1.00,1.19
2014.04.10 15:05:35.296,1.08139,1.08154,1.00,1.19
2014.04.10 15:05:35.499,1.08139,1.08158,1.00,3.15
2014.04.10 15:05:35.651,1.08136,1.08158,1.00,3.19
2014.04.10 15:05:35.855,1.08139,1.08158,1.00,1.25
2014.04.10 15:05:36.159,1.08139,1.08153,1.00,1.00
2014.04.10 15:05:36.565,1.08143,1.08155,1.00,1.19
2014.04.10 15:05:36.666,1.08133,1.08154,1.00,1.25
2014.04.10 15:05:36.769,1.08133,1.08154,1.00,1.69
2014.04.10 15:05:37.072,1.08132,1.08149,1.00,1.25
2014.04.10 15:05:37.295,1.08129,1.08149,1.88,1.25
2014.04.10 15:05:37.700,1.08126,1.08149,1.38,1.69
2014.04.10 15:05:37.869,1.08126,1.08149,1.57,1.25
2014.04.10 15:05:38.442,1.08126,1.08152,1.57,1.27
2014.04.10 15:05:39.111,1.08129,1.08151,1.88,1.69
2014.04.10 15:05:39.690,1.08128,1.08151,1.88,1.19
2014.04.10 15:05:40.200,1.08128,1.08152,1.88,2.44
2014.04.10 15:05:41.217,1.08129,1.08151,1.88,1.19
2014.04.10 15:05:41.745,1.08128,1.08152,1.88,2.44
2014.04.10 15:05:42.253,1.08128,1.08151,1.88,1.19
2014.04.10 15:05:42.792,1.08126,1.08151,1.19,1.19
2014.04.10 15:05:43.320,1.08126,1.08152,1.19,2.44
2014.04.10 15:05:45.338,1.08123,1.08151,1.84,1.19
2014.04.10 15:05:47.305,1.08124,1.08147,1.19,1.00
2014.04.10 15:05:47.609,1.08124,1.08146,2.63,1.25
2014.04.10 15:05:48.534,1.08126,1.08146,1.38,1.19
2014.04.10 15:05:49.043,1.08125,1.08147,1.38,1.69
2014.04.10 15:05:49.534,1.08125,1.08147,1.38,1.25
2014.04.10 15:05:50.382,1.08129,1.08146,1.88,1.00
2014.04.10 15:05:50.900,1.08128,1.08147,1.88,1.19
2014.04.10 15:05:52.289,1.08129,1.08146,1.88,1.25
2014.04.10 15:05:52.390,1.08129,1.08146,1.88,1.69
2014.04.10 15:05:52.795,1.08123,1.08148,2.07,2.44
2014.04.10 15:05:52.947,1.08128,1.08148,1.00,3.19
2014.04.10 15:05:53.624,1.0812,1.08146,1.64,2.44
2014.04.10 15:05:53.978,1.0812,1.08147,1.57,3.94
2014.04.10 15:05:54.630,1.08124,1.08146,1.88,1.69
2014.04.10 15:05:55.172,1.08123,1.08146,2.07,1.19
2014.04.10 15:05:55.949,1.08124,1.08146,1.88,1.69
2014.04.10 15:05:56.610,1.08124,1.08146,1.88,1.69
2014.04.10 15:05:57.191,1.08119,1.08141,1.88,1.19
2014.04.10 15:05:57.699,1.08123,1.08142,1.88,1.00
2014.04.10 15:05:58.218,1.08123,1.08146,1.88,1.32
2014.04.10 15:05:59.010,1.08123,1.08146,2.07,1.32
2014.04.10 15:05:59.619,1.08124,1.08146,1.88,1.32
2014.04.10 15:06:00.002,1.0812,1.08145,1.57,1.19
2014.04.10 15:06:00.368,1.08118,1.08144,2.82,1.40
2014.04.10 15:06:00.918,1.08119,1.08143,1.88,1.84
2014.04.10 15:06:01.435,1.08119,1.08141,1.88,1.29
2014.04.10 15:06:01.747,1.08118,1.08138,1.88,1.19
2014.04.10 15:06:02.265,1.08119,1.08139,1.88,1.19
2014.04.10 15:06:02.831,1.08118,1.08139,1.88,1.19
2014.04.10 15:06:03.344,1.08119,1.08137,1.88,1.19
2014.04.10 15:06:04.205,1.08119,1.08141,1.88,3.34
2014.04.10 15:06:05.144,1.08119,1.08139,1.88,1.00
2014.04.10 15:06:05.709,1.08118,1.08139,1.88,1.00
2014.04.10 15:06:06.020,1.08118,1.08139,1.88,1.00
2014.04.10 15:06:06.582,1.08118,1.08141,1.88,2.59
2014.04.10 15:06:07.114,1.08118,1.08141,1.88,2.59
2014.04.10 15:06:07.973,1.08118,1.08141,1.88,3.34
2014.04.10 15:06:08.564,1.08119,1.08141,1.88,3.34
2014.04.10 15:06:09.224,1.08119,1.08141,1.88,3.34
2014.04.10 15:06:10.841,1.08118,1.08141,1.88,2.59
2014.04.10 15:06:11.347,1.08119,1.08139,1.88,1.25
2014.04.10 15:06:11.460,1.08119,1.08139,1.88,1.25
2014.04.10 15:06:11.965,1.08119,1.08138,1.88,1.00
2014.04.10 15:06:12.268,1.08118,1.08133,1.88,1.00
2014.04.10 15:06:12.420,1.08118,1.08136,1.88,1.25
2014.04.10 15:06:13.078,1.08118,1.08138,1.88,1.50
2014.04.10 15:06:13.730,1.08119,1.08138,1.88,1.00
2014.04.10 15:06:14.244,1.08118,1.08138,1.88,1.00
2014.04.10 15:06:15.062,1.08119,1.08138,1.88,1.00
2014.04.10 15:06:16.219,1.08118,1.08138,1.88,1.00
2014.04.10 15:06:16.714,1.08118,1.08138,1.88,1.00
2014.04.10 15:06:16.917,1.08119,1.08138,1.88,1.19
2014.04.10 15:06:17.473,1.08118,1.08138,1.88,1.19
2014.04.10 15:06:18.148,1.08119,1.08138,1.88,1.19
2014.04.10 15:06:18.808,1.08118,1.08138,1.88,1.19
2014.04.10 15:06:19.982,1.08118,1.08138,1.88,1.25
2014.04.10 15:06:22.886,1.08119,1.08138,1.88,1.00
2014.04.10 15:06:23.480,1.08119,1.08138,1.88,1.25
2014.04.10 15:06:24.007,1.08118,1.08138,1.88,1.25
2014.04.10 15:06:24.892,1.08119,1.08138,1.88,1.25
2014.04.10 15:06:24.943,1.08119,1.08137,1.88,1.19
2014.04.10 15:06:25.960,1.08119,1.08138,1.88,1.69
2014.04.10 15:06:26.264,1.08119,1.08134,1.88,1.00
2014.04.10 15:06:26.366,1.08119,1.08137,1.88,1.19
2014.04.10 15:06:27.379,1.08118,1.08139,1.88,1.19
2014.04.10 15:06:28.012,1.08119,1.08139,1.88,1.19
2014.04.10 15:06:28.523,1.08118,1.08139,1.88,1.19
2014.04.10 15:06:29.029,1.08118,1.08139,1.88,1.19
2014.04.10 15:06:29.613,1.08119,1.08139,1.88,1.19
2014.04.10 15:06:30.216,1.08118,1.08139,1.88,1.19
2014.04.10 15:06:30.776,1.08119,1.08141,1.88,1.19
2014.04.10 15:06:31.304,1.08118,1.08141,2.63,1.19
2014.04.10 15:06:31.869,1.08119,1.08141,1.88,1.19
2014.04.10 15:06:32.415,1.08118,1.08141,2.07,1.19
2014.04.10 15:06:32.951,1.08119,1.08141,1.88,1.19
2014.04.10 15:06:33.928,1.08118,1.08141,1.88,1.19
2014.04.10 15:06:35.204,1.08119,1.08141,1.88,1.19
2014.04.10 15:06:36.594,1.08118,1.08141,2.82,1.19
2014.04.10 15:06:37.208,1.08118,1.08142,2.63,1.19
2014.04.10 15:06:37.718,1.08119,1.08142,1.88,1.19
2014.04.10 15:06:38.233,1.08119,1.08141,2.07,1.19
2014.04.10 15:06:38.734,1.08118,1.08141,2.82,1.19
2014.04.10 15:06:39.734,1.08119,1.08141,2.07,1.19
2014.04.10 15:06:40.284,1.08119,1.08142,1.88,1.19
2014.04.10 15:06:41.115,1.08118,1.08142,2.63,1.19
2014.04.10 15:06:42.102,1.08119,1.08142,1.88,1.19
2014.04.10 15:06:42.716,1.08118,1.08142,2.63,1.19
2014.04.10 15:06:43.254,1.08119,1.08142,1.88,1.19
2014.04.10 15:06:44.029,1.08118,1.08142,2.63,1.19
2014.04.10 15:06:44.657,1.08119,1.08142,1.88,1.19
2014.04.10 15:06:45.118,1.08119,1.0814,1.88,1.19
2014.04.10 15:06:45.998,1.08118,1.0814,2.63,1.19
2014.04.10 15:06:46.556,1.08119,1.0814,1.88,1.19
2014.04.10 15:06:47.305,1.08118,1.0814,2.63,1.19
2014.04.10 15:06:47.560,1.08119,1.08142,1.88,1.19
2014.04.10 15:06:48.255,1.08118,1.08142,2.63,1.19
2014.04.10 15:06:48.776,1.08119,1.08143,1.88,1.32
2014.04.10 15:06:49.525,1.08118,1.08143,2.63,1.32
2014.04.10 15:06:50.179,1.08119,1.08143,1.88,1.32
2014.04.10 15:06:50.642,1.08118,1.08144,2.63,2.07
2014.04.10 15:06:51.663,1.08119,1.08144,1.88,2.07
2014.04.10 15:06:52.417,1.08118,1.08144,2.63,2.07
2014.04.10 15:06:53.687,1.08118,1.08142,1.88,1.19
2014.04.10 15:06:54.363,1.08119,1.08142,1.88,1.19
2014.04.10 15:06:54.674,1.08119,1.0814,1.88,1.19
2014.04.10 15:06:55.770,1.08119,1.0814,1.88,1.19
2014.04.10 15:06:56.664,1.08119,1.0814,1.88,1.19
2014.04.10 15:06:57.193,1.08118,1.0814,1.88,1.19
2014.04.10 15:06:57.714,1.08118,1.0814,1.88,1.19
2014.04.10 15:06:58.220,1.08119,1.0814,1.88,1.19
2014.04.10 15:06:58.733,1.08118,1.0814,1.88,1.19
2014.04.10 15:06:59.253,1.08119,1.0814,1.88,1.19
2014.04.10 15:06:59.784,1.08119,1.0814,1.88,1.19
2014.04.10 15:07:00.418,1.08118,1.0814,1.88,1.19
2014.04.10 15:07:01.078,1.08119,1.0814,1.88,1.19
2014.04.10 15:07:01.701,1.08118,1.08139,1.88,1.19
2014.04.10 15:07:02.216,1.08119,1.08139,1.88,1.19
2014.04.10 15:07:03.754,1.08119,1.08141,1.88,1.19
2014.04.10 15:07:04.229,1.08118,1.08143,1.88,1.69
2014.04.10 15:07:05.200,1.08118,1.08142,1.88,1.19
2014.04.10 15:07:05.953,1.08119,1.08142,1.88,1.19
2014.04.10 15:07:06.642,1.08118,1.08142,2.63,1.19
2014.04.10 15:07:07.257,1.08118,1.08144,2.63,1.34
2014.04.10 15:07:07.786,1.08119,1.08144,1.88,1.34
2014.04.10 15:07:09.278,1.08118,1.08145,2.82,1.84
2014.04.10 15:07:10.282,1.08119,1.08144,2.07,1.34
2014.04.10 15:07:11.008,1.08118,1.08145,2.82,1.84
2014.04.10 15:07:11.536,1.08119,1.08145,2.07,1.84
2014.04.10 15:07:12.823,1.08118,1.08145,2.82,1.84
2014.04.10 15:07:13.330,1.08119,1.08145,2.07,1.84
2014.04.10 15:07:15.018,1.08118,1.08144,2.82,1.34
2014.04.10 15:07:15.628,1.08119,1.08144,1.88,1.34
2014.04.10 15:07:16.160,1.08119,1.08142,1.88,1.29
2014.04.10 15:07:16.312,1.08118,1.08143,2.63,1.19
2014.04.10 15:07:16.667,1.0812,1.08138,1.38,1.00
2014.04.10 15:07:16.871,1.0812,1.08144,1.38,1.69
2014.04.10 15:07:17.183,1.08124,1.08144,1.00,1.25
2014.04.10 15:07:18.618,1.08124,1.08145,1.00,2.82
2014.04.10 15:07:21.390,1.08124,1.08144,1.00,1.00
2014.04.10 15:07:23.013,1.0812,1.08144,1.19,1.25
2014.04.10 15:07:24.761,1.0812,1.08145,1.25,1.29
2014.04.10 15:07:25.018,1.08123,1.08146,2.63,1.39
2014.04.10 15:07:25.322,1.08123,1.08149,2.82,2.07
2014.04.10 15:07:25.423,1.08123,1.08149,2.82,1.38
2014.04.10 15:07:25.934,1.08124,1.08149,2.07,1.88
2014.04.10 15:07:26.440,1.08128,1.0815,1.32,1.38
2014.04.10 15:07:26.490,1.08128,1.0815,1.57,1.38
2014.04.10 15:07:27.421,1.08125,1.08149,1.19,1.13
2014.04.10 15:07:27.674,1.08124,1.08147,2.82,1.00
2014.04.10 15:07:27.725,1.08122,1.08147,2.07,1.25
2014.04.10 15:07:28.180,1.08124,1.08145,2.07,1.00
2014.04.10 15:07:28.496,1.08124,1.08145,1.32,1.00
2014.04.10 15:07:29.011,1.08124,1.08148,2.82,1.13
2014.04.10 15:07:29.513,1.08124,1.08148,1.19,1.13
2014.04.10 15:07:30.007,1.08123,1.08149,1.57,3.45
2014.04.10 15:07:30.311,1.08121,1.08145,1.57,1.00
2014.04.10 15:07:31.216,1.0812,1.08146,1.57,2.59
2014.04.10 15:07:31.532,1.0812,1.08144,1.57,1.08
2014.04.10 15:07:31.685,1.0812,1.08144,1.57,1.10
2014.04.10 15:07:31.837,1.08118,1.08144,2.82,1.29
2014.04.10 15:07:32.351,1.08119,1.08142,2.07,1.25
2014.04.10 15:07:32.862,1.08118,1.08142,2.07,1.25
2014.04.10 15:07:32.913,1.08119,1.08142,2.07,1.25
2014.04.10 15:07:34.240,1.08118,1.0814,2.07,1.00
2014.04.10 15:07:35.329,1.08119,1.08142,2.07,1.09
2014.04.10 15:07:36.794,1.08119,1.08142,2.07,1.09
2014.04.10 15:07:38.806,1.08118,1.08142,2.07,1.09
2014.04.10 15:07:39.325,1.08118,1.08142,2.07,1.69
2014.04.10 15:07:39.860,1.08119,1.08143,2.07,1.88
2014.04.10 15:07:40.404,1.08118,1.08143,2.07,1.13
2014.04.10 15:07:40.708,1.08118,1.08141,2.07,1.00
2014.04.10 15:07:40.809,1.08119,1.08141,2.07,1.00
2014.04.10 15:07:41.482,1.08119,1.08141,2.07,1.00
2014.04.10 15:07:42.019,1.08119,1.08144,2.07,2.07
2014.04.10 15:07:42.374,1.08127,1.08144,1.00,2.07
2014.04.10 15:07:42.677,1.08129,1.08144,1.25,1.00
2014.04.10 15:07:42.830,1.08126,1.08148,1.25,1.08
2014.04.10 15:07:43.353,1.08126,1.08148,1.25,1.15
2014.04.10 15:07:44.466,1.08126,1.08145,1.00,1.00
2014.04.10 15:07:46.361,1.08128,1.08145,1.00,1.25
2014.04.10 15:07:46.665,1.08128,1.0815,1.00,1.69
2014.04.10 15:07:47.222,1.08131,1.08149,1.00,1.00
2014.04.10 15:07:47.375,1.08131,1.08154,1.00,1.34
2014.04.10 15:07:49.321,1.08131,1.08154,1.00,2.97
2014.04.10 15:07:49.866,1.08131,1.08152,1.00,1.34
2014.04.10 15:07:50.380,1.08132,1.08154,1.00,1.84
2014.04.10 15:07:50.431,1.08132,1.08154,1.25,1.84
2014.04.10 15:07:51.652,1.08134,1.08155,1.19,1.13
2014.04.10 15:07:51.956,1.08132,1.08153,1.38,2.52
2014.04.10 15:07:52.060,1.08127,1.08152,1.25,1.37
2014.04.10 15:07:52.111,1.08127,1.08148,1.25,1.00
2014.04.10 15:07:52.415,1.08131,1.08152,1.00,1.19
2014.04.10 15:07:52.466,1.08131,1.08152,1.25,1.25
2014.04.10 15:07:53.380,1.08132,1.08153,1.00,1.77
2014.04.10 15:07:53.892,1.08132,1.08153,1.25,1.58
2014.04.10 15:07:54.269,1.08132,1.08153,1.00,2.59
2014.04.10 15:07:54.572,1.08127,1.08149,1.19,1.08
2014.04.10 15:07:55.037,1.08131,1.08149,1.00,1.08
2014.04.10 15:07:55.239,1.08131,1.08153,1.00,1.84
2014.04.10 15:07:55.401,1.08131,1.08153,1.19,1.65
2014.04.10 15:07:56.779,1.08131,1.08153,1.25,1.34
2014.04.10 15:08:00.692,1.08131,1.08153,1.00,1.34
2014.04.10 15:08:01.211,1.08132,1.08153,1.00,1.34
2014.04.10 15:08:01.725,1.08131,1.08153,1.00,1.34
2014.04.10 15:08:02.429,1.08132,1.08153,1.00,1.34
2014.04.10 15:08:02.733,1.08132,1.08156,1.00,3.34
2014.04.10 15:08:03.237,1.08132,1.08156,1.00,3.27
2014.04.10 15:08:03.652,1.08131,1.08156,1.19,3.27
2014.04.10 15:08:03.753,1.08131,1.08155,1.00,1.39
2014.04.10 15:08:04.259,1.08129,1.08154,1.19,1.19
2014.04.10 15:08:04.562,1.08131,1.08155,1.00,2.22
2014.04.10 15:08:04.714,1.08131,1.08155,1.00,2.22
2014.04.10 15:08:05.609,1.08131,1.08155,1.25,1.47
2014.04.10 15:08:07.234,1.08131,1.08153,1.00,1.77
2014.04.10 15:08:07.487,1.08127,1.08148,1.19,1.00
2014.04.10 15:08:07.639,1.08127,1.08152,1.19,1.20
2014.04.10 15:08:07.943,1.0813,1.08152,1.00,1.13
2014.04.10 15:08:08.263,1.08127,1.08152,2.44,1.00
2014.04.10 15:08:08.793,1.08132,1.08153,1.25,1.13
2014.04.10 15:08:09.323,1.08131,1.08153,1.19,1.13
2014.04.10 15:08:12.663,1.08131,1.08153,1.19,1.13
2014.04.10 15:08:14.402,1.08132,1.08153,1.19,1.13
2014.04.10 15:08:15.026,1.08132,1.08152,1.19,1.00
2014.04.10 15:08:15.577,1.08132,1.08153,1.19,1.13
2014.04.10 15:08:17.231,1.08132,1.08153,1.19,1.13
2014.04.10 15:08:18.225,1.08132,1.08153,1.25,1.13
2014.04.10 15:08:19.197,1.08132,1.08153,1.19,1.13
2014.04.10 15:08:23.206,1.08132,1.08153,1.00,1.13
2014.04.10 15:08:24.219,1.08132,1.08153,1.19,1.13
2014.04.10 15:08:25.222,1.08132,1.08153,1.19,1.13
2014.04.10 15:08:28.272,1.08132,1.08153,1.25,1.13
2014.04.10 15:08:28.920,1.08133,1.08153,1.00,1.13
2014.04.10 15:08:29.123,1.0813,1.08153,1.00,1.32
2014.04.10 15:08:29.628,1.08131,1.08153,1.25,1.13
2014.04.10 15:08:30.335,1.08133,1.08153,1.00,1.38
2014.04.10 15:08:34.371,1.08135,1.08155,1.00,1.57
2014.04.10 15:08:34.680,1.08135,1.08158,1.25,1.94
2014.04.10 15:08:35.194,1.08135,1.08157,1.25,1.25
2014.04.10 15:08:35.594,1.08137,1.08157,1.00,1.25
2014.04.10 15:08:36.427,1.08137,1.08158,1.00,1.75
2014.04.10 15:08:36.948,1.08137,1.08157,1.00,1.00
2014.04.10 15:08:37.515,1.08137,1.08158,1.00,2.00
2014.04.10 15:08:38.128,1.08137,1.08157,1.00,1.00
2014.04.10 15:08:38.638,1.08137,1.08158,1.00,2.00
2014.04.10 15:08:39.150,1.08137,1.08157,1.25,1.00
2014.04.10 15:08:40.170,1.08137,1.08158,1.25,2.00
2014.04.10 15:08:40.958,1.08137,1.08157,1.25,1.00
2014.04.10 15:08:41.565,1.08137,1.08158,1.25,2.00
2014.04.10 15:08:42.075,1.08137,1.08157,1.25,1.00
2014.04.10 15:08:42.383,1.08137,1.08157,1.19,1.00
2014.04.10 15:08:43.026,1.08137,1.08156,1.19,1.88
2014.04.10 15:08:43.506,1.08137,1.08156,1.25,1.88
2014.04.10 15:08:44.010,1.08137,1.08157,1.25,1.88
2014.04.10 15:08:44.519,1.08138,1.08156,1.00,1.88
2014.04.10 15:08:45.028,1.08138,1.08157,1.00,1.88
2014.04.10 15:08:46.476,1.08138,1.08157,1.00,2.14
2014.04.10 15:08:46.729,1.08138,1.08157,1.00,2.07
2014.04.10 15:08:47.416,1.08138,1.08156,1.00,1.88
2014.04.10 15:08:47.929,1.08138,1.08157,1.00,2.07
2014.04.10 15:08:49.200,1.08138,1.08158,1.00,1.77
2014.04.10 15:08:53.164,1.08138,1.08157,1.00,2.07
2014.04.10 15:08:54.096,1.08138,1.08156,1.00,1.88
2014.04.10 15:08:54.611,1.08138,1.08156,1.00,2.07
2014.04.10 15:08:56.740,1.08137,1.08156,1.00,2.07
2014.04.10 15:08:57.675,1.08137,1.08156,1.00,1.88
2014.04.10 15:08:58.181,1.08136,1.08157,1.00,2.07
2014.04.10 15:08:58.768,1.08136,1.08157,1.00,2.07
2014.04.10 15:09:02.492,1.08135,1.08157,1.00,2.07
2014.04.10 15:09:03.939,1.08135,1.08157,1.19,2.25
2014.04.10 15:09:04.693,1.08135,1.08156,1.19,1.88
2014.04.10 15:09:05.224,1.08135,1.08156,1.25,1.88
2014.04.10 15:09:06.296,1.08135,1.08157,1.25,1.88
2014.04.10 15:09:06.893,1.08135,1.08156,1.19,2.07
2014.04.10 15:09:07.948,1.08135,1.08157,1.00,2.07
2014.04.10 15:09:08.545,1.08135,1.08156,1.00,1.88
2014.04.10 15:09:09.297,1.08135,1.08157,1.00,2.07
2014.04.10 15:09:09.449,1.08135,1.08155,1.00,1.00
2014.04.10 15:09:16.571,1.08135,1.08155,1.00,1.19
2014.04.10 15:09:17.665,1.08135,1.08155,1.00,1.25
2014.04.10 15:09:18.292,1.08135,1.08148,1.00,1.00
2014.04.10 15:09:18.393,1.08133,1.08148,1.00,1.00
2014.04.10 15:09:18.697,1.08129,1.08149,1.25,1.00
2014.04.10 15:09:20.074,1.08129,1.08151,1.25,3.19
2014.04.10 15:09:20.428,1.08132,1.08151,1.00,2.44
2014.04.10 15:09:20.733,1.08138,1.08151,1.00,1.19
2014.04.10 15:09:20.885,1.08138,1.08155,1.00,1.69
2014.04.10 15:09:21.422,1.08138,1.08156,1.00,2.82
2014.04.10 15:09:22.027,1.08138,1.08155,1.00,1.57
2014.04.10 15:09:22.737,1.08138,1.08155,1.00,1.57
2014.04.10 15:09:23.738,1.08138,1.08156,1.00,1.19
2014.04.10 15:09:24.826,1.08138,1.08157,1.00,3.72
2014.04.10 15:09:26.142,1.08129,1.08149,1.38,1.00
2014.04.10 15:09:26.345,1.08129,1.08143,1.00,1.00
2014.04.10 15:09:26.396,1.08124,1.08143,1.27,1.00
2014.04.10 15:09:26.548,1.08124,1.08143,1.69,1.00
2014.04.10 15:09:26.649,1.08122,1.08143,1.00,1.00
2014.04.10 15:09:26.751,1.08122,1.08143,1.00,1.19
2014.04.10 15:09:27.256,1.08121,1.08144,1.00,1.69
2014.04.10 15:09:27.764,1.08121,1.08144,1.00,2.44
2014.04.10 15:09:28.132,1.08126,1.08144,1.00,1.69
2014.04.10 15:09:28.184,1.08126,1.08147,1.00,3.94
2014.04.10 15:09:28.285,1.08126,1.08149,1.00,2.44
2014.04.10 15:09:28.387,1.08133,1.08149,1.00,1.94
2014.04.10 15:09:28.437,1.08133,1.08149,1.00,1.57
2014.04.10 15:09:28.589,1.08128,1.08149,1.00,1.00
2014.04.10 15:09:28.792,1.08128,1.08152,1.00,1.69
2014.04.10 15:09:30.102,1.08133,1.08153,1.00,1.94
2014.04.10 15:09:30.616,1.08133,1.08153,1.00,1.63
2014.04.10 15:09:32.088,1.08133,1.08139,1.00,1.00
2014.04.10 15:09:32.241,1.08124,1.08138,1.00,1.00
2014.04.10 15:09:32.342,1.08119,1.08138,1.19,1.00
2014.04.10 15:09:32.545,1.08124,1.08143,1.00,1.00
2014.04.10 15:09:32.646,1.08132,1.08143,1.00,1.00
2014.04.10 15:09:33.100,1.08132,1.08149,1.00,1.19
2014.04.10 15:09:33.419,1.08128,1.0815,1.00,1.19
2014.04.10 15:09:35.620,1.08128,1.08149,1.00,1.69
2014.04.10 15:09:36.730,1.08128,1.08149,1.00,1.69
2014.04.10 15:09:38.353,1.08128,1.0815,1.00,1.19
2014.04.10 15:09:40.500,1.08128,1.0815,1.00,1.19
2014.04.10 15:09:42.933,1.08128,1.08149,1.00,1.19
2014.04.10 15:09:44.052,1.08128,1.0815,1.00,1.19
2014.04.10 15:09:49.430,1.08128,1.0815,1.00,1.19
2014.04.10 15:09:52.699,1.08128,1.08151,1.00,2.14
2014.04.10 15:09:53.400,1.08123,1.08149,1.19,1.19
2014.04.10 15:09:54.073,1.08123,1.08149,1.19,1.19
2014.04.10 15:10:01.220,1.08123,1.08149,1.25,2.14
2014.04.10 15:10:03.209,1.08123,1.08149,1.19,2.52
2014.04.10 15:10:04.243,1.08123,1.08149,1.25,2.52
2014.04.10 15:10:06.229,1.08123,1.08148,1.19,1.94
2014.04.10 15:10:07.156,1.08121,1.08147,1.25,1.69
2014.04.10 15:10:08.246,1.08121,1.08147,1.19,1.72
2014.04.10 15:10:08.758,1.08123,1.08147,1.00,2.44
2014.04.10 15:10:09.281,1.08119,1.08146,1.32,1.32
2014.04.10 15:10:10.290,1.08119,1.08144,1.19,1.19
2014.04.10 15:10:10.963,1.08119,1.08144,1.19,1.32
2014.04.10 15:10:13.689,1.08119,1.08143,1.00,1.19
2014.04.10 15:10:14.306,1.08118,1.08143,1.25,1.19
2014.04.10 15:10:14.848,1.08118,1.08143,1.25,1.19
2014.04.10 15:10:16.628,1.0812,1.08145,1.00,1.32
2014.04.10 15:10:16.679,1.0812,1.08141,1.00,1.00
2014.04.10 15:10:16.982,1.08121,1.08137,1.00,1.00
2014.04.10 15:10:17.500,1.08121,1.08137,2.40,1.00
2014.04.10 15:10:17.703,1.08119,1.08136,2.14,1.00
2014.04.10 15:10:18.240,1.08119,1.08137,1.29,1.00
2014.04.10 15:10:18.667,1.08121,1.08137,1.65,1.00
2014.04.10 15:10:18.768,1.08123,1.08149,1.39,1.38
2014.04.10 15:10:18.970,1.08124,1.08149,2.89,1.38
2014.04.10 15:10:21.768,1.08125,1.08149,1.19,1.38
2014.04.10 15:10:22.324,1.08122,1.08149,1.19,1.50
2014.04.10 15:10:22.375,1.08121,1.08146,1.29,1.00
2014.04.10 15:10:22.577,1.08121,1.08149,1.37,1.00
2014.04.10 15:10:23.083,1.08121,1.08148,3.34,1.00
2014.04.10 15:10:23.235,1.08122,1.08148,1.27,1.00
2014.04.10 15:10:24.258,1.08122,1.08148,1.57,1.38
2014.04.10 15:10:24.562,1.08122,1.0814,1.57,1.00
2014.04.10 15:10:24.714,1.08119,1.0814,2.70,1.00
2014.04.10 15:10:24.765,1.08114,1.0814,3.06,1.00
2014.04.10 15:10:24.866,1.08113,1.08135,3.17,1.00
2014.04.10 15:10:24.967,1.08114,1.08139,1.87,1.19
2014.04.10 15:10:25.119,1.08116,1.08142,1.00,1.25
2014.04.10 15:10:25.221,1.08116,1.08144,1.19,1.47
2014.04.10 15:10:25.726,1.08116,1.08144,1.57,1.02
2014.04.10 15:10:26.240,1.08116,1.08144,1.57,1.10
2014.04.10 15:10:27.230,1.08116,1.08144,1.57,1.77
2014.04.10 15:10:28.233,1.08116,1.08144,1.57,1.77
2014.04.10 15:10:28.898,1.08116,1.08144,1.57,1.02
2014.04.10 15:10:29.262,1.08116,1.08144,1.57,1.29
2014.04.10 15:10:29.776,1.08116,1.08143,1.19,1.19
2014.04.10 15:10:30.290,1.08115,1.08143,1.29,2.44
2014.04.10 15:10:30.593,1.08115,1.08139,1.19,1.00
2014.04.10 15:10:30.897,1.08119,1.0814,1.50,1.00
2014.04.10 15:10:31.103,1.08118,1.08143,2.14,1.00
2014.04.10 15:10:31.631,1.08118,1.08145,2.22,1.57
2014.04.10 15:10:32.178,1.08118,1.08145,2.22,1.38
2014.04.10 15:10:34.972,1.08123,1.08145,1.00,1.57
2014.04.10 15:10:35.343,1.08125,1.08144,1.00,1.00
2014.04.10 15:10:35.736,1.08125,1.08145,1.19,1.13
2014.04.10 15:10:36.309,1.08125,1.08144,1.19,1.00
2014.04.10 15:10:36.765,1.08125,1.08148,1.29,1.88
2014.04.10 15:10:37.068,1.0813,1.08151,1.25,1.88
2014.04.10 15:10:37.574,1.08125,1.08151,1.72,1.88
2014.04.10 15:10:38.266,1.08125,1.08151,1.34,2.07
2014.04.10 15:10:39.550,1.08124,1.0815,2.97,1.32
2014.04.10 15:10:39.882,1.08125,1.0815,2.22,1.13
2014.04.10 15:10:40.428,1.08124,1.08151,1.72,2.07
2014.04.10 15:10:40.784,1.08126,1.08151,1.72,1.00
2014.04.10 15:10:41.087,1.08134,1.08151,1.00,1.00
2014.04.10 15:10:41.290,1.08126,1.08152,1.72,1.25
2014.04.10 15:10:41.391,1.08125,1.08151,2.22,1.19
2014.04.10 15:10:41.901,1.08125,1.08151,1.72,1.19
2014.04.10 15:10:42.776,1.08124,1.08152,1.84,1.69
2014.04.10 15:10:43.354,1.08131,1.08153,1.00,2.44
2014.04.10 15:10:43.861,1.08131,1.08153,1.00,1.69
2014.04.10 15:10:44.407,1.08132,1.08153,1.00,2.07
2014.04.10 15:10:44.826,1.08132,1.08153,1.00,1.88
2014.04.10 15:10:45.143,1.08128,1.08154,1.47,2.63
2014.04.10 15:10:45.244,1.08126,1.08152,2.22,1.00
2014.04.10 15:10:45.681,1.08128,1.08154,2.59,1.13
2014.04.10 15:10:46.214,1.08134,1.08154,1.00,1.13
2014.04.10 15:10:47.200,1.08133,1.08154,2.44,1.13
2014.04.10 15:10:48.027,1.08134,1.08154,1.00,1.13
2014.04.10 15:10:48.551,1.08133,1.08154,2.44,1.13
2014.04.10 15:10:49.428,1.08129,1.08154,2.59,1.13
2014.04.10 15:10:49.962,1.08128,1.08154,1.47,1.38
2014.04.10 15:10:50.788,1.0813,1.08157,1.34,2.07
2014.04.10 15:10:51.137,1.08133,1.08157,1.65,1.69
2014.04.10 15:10:52.074,1.08132,1.08156,2.22,1.25
2014.04.10 15:10:55.190,1.08131,1.08157,2.22,1.19
2014.04.10 15:10:55.501,1.08138,1.0816,1.00,2.82
2014.04.10 15:10:55.602,1.08138,1.08164,1.34,1.63
2014.04.10 15:10:56.108,1.08138,1.08165,2.22,1.57
2014.04.10 15:10:56.430,1.08138,1.08165,1.34,1.57
2014.04.10 15:10:56.976,1.08138,1.08163,1.34,1.25
2014.04.10 15:10:57.803,1.08134,1.08163,4.47,1.19
2014.04.10 15:10:58.310,1.08142,1.08163,1.00,1.19
2014.04.10 15:10:58.818,1.08142,1.08163,1.08,1.32
2014.04.10 15:10:59.303,1.08139,1.08163,1.39,1.32
2014.04.10 15:10:59.809,1.08141,1.08163,1.00,1.32
2014.04.10 15:10:59.860,1.08141,1.08163,1.15,1.19
2014.04.10 15:11:00.163,1.08141,1.08158,1.84,1.00
2014.04.10 15:11:00.315,1.08141,1.08161,1.84,1.00
2014.04.10 15:11:00.416,1.08142,1.08164,1.37,1.00
2014.04.10 15:11:00.518,1.08144,1.08167,1.19,1.32
2014.04.10 15:11:01.124,1.08147,1.08168,1.00,1.57
2014.04.10 15:11:01.328,1.08143,1.08168,2.97,1.00
2014.04.10 15:11:01.581,1.08149,1.0817,1.00,1.57
2014.04.10 15:11:01.937,1.08153,1.08173,1.00,2.07
2014.04.10 15:11:01.988,1.08149,1.08173,1.00,2.07
2014.04.10 15:11:02.521,1.08148,1.08172,1.20,2.07
2014.04.10 15:11:03.046,1.08152,1.08172,1.00,1.19
2014.04.10 15:11:03.361,1.08154,1.08167,1.18,1.00
2014.04.10 15:11:03.463,1.08152,1.08169,1.15,1.00
2014.04.10 15:11:03.514,1.08153,1.08169,1.15,1.00
2014.04.10 15:11:03.565,1.08153,1.08177,1.65,3.57
2014.04.10 15:11:03.717,1.08155,1.08177,1.15,2.07
2014.04.10 15:11:03.869,1.08155,1.08179,1.65,1.32
2014.04.10 15:11:03.971,1.08154,1.08181,2.97,1.57
2014.04.10 15:11:04.515,1.08156,1.08179,1.15,1.19
2014.04.10 15:11:05.032,1.08156,1.08179,1.18,1.19
2014.04.10 15:11:05.133,1.08156,1.08179,1.20,1.19
2014.04.10 15:11:06.991,1.08156,1.08177,1.20,1.25
2014.04.10 15:11:07.966,1.08156,1.08176,1.20,1.00
2014.04.10 15:11:08.793,1.08158,1.08176,1.00,1.00
2014.04.10 15:11:09.481,1.08154,1.08176,2.22,1.00
2014.04.10 15:11:09.690,1.08154,1.08172,1.34,1.00
2014.04.10 15:11:10.034,1.08154,1.08176,2.03,1.25
2014.04.10 15:11:11.793,1.08154,1.08176,1.65,1.19
2014.04.10 15:11:12.116,1.08154,1.08177,1.34,1.25
2014.04.10 15:11:12.219,1.08154,1.08176,1.15,1.19
2014.04.10 15:11:13.648,1.08154,1.08172,1.15,1.00
2014.04.10 15:11:14.661,1.08154,1.08171,1.65,1.00
2014.04.10 15:11:15.220,1.08154,1.08172,1.15,1.00
2014.04.10 15:11:15.768,1.08154,1.08171,1.65,1.00
2014.04.10 15:11:16.312,1.08154,1.08172,1.15,1.00
2014.04.10 15:11:17.318,1.08154,1.08171,1.84,1.00
2014.04.10 15:11:17.781,1.08154,1.08173,1.40,1.00
2014.04.10 15:11:19.540,1.08154,1.08173,1.84,1.00
2014.04.10 15:11:22.684,1.08154,1.08173,1.34,1.00
2014.04.10 15:11:23.057,1.08157,1.08176,1.32,1.00
2014.04.10 15:11:23.159,1.08158,1.08176,2.14,1.00
2014.04.10 15:11:23.464,1.08163,1.08182,1.15,1.00
2014.04.10 15:11:23.617,1.08162,1.08178,1.00,1.00
2014.04.10 15:11:24.072,1.0816,1.08184,1.55,1.19
2014.04.10 15:11:24.274,1.08164,1.08181,1.00,1.00
2014.04.10 15:11:24.679,1.0816,1.08182,1.18,1.00
2014.04.10 15:11:24.881,1.0816,1.0818,1.00,1.00
2014.04.10 15:11:25.185,1.08155,1.08177,1.28,1.69
2014.04.10 15:11:25.696,1.08159,1.08176,1.20,1.00
2014.04.10 15:11:26.228,1.08155,1.08179,1.53,1.69
2014.04.10 15:11:26.380,1.08155,1.08176,1.53,1.00
2014.04.10 15:11:26.987,1.08155,1.08175,1.90,1.00
2014.04.10 15:11:27.517,1.08155,1.08175,1.93,1.00
2014.04.10 15:11:27.821,1.08154,1.0817,2.63,1.00
2014.04.10 15:11:28.023,1.08159,1.08181,1.15,1.25
2014.04.10 15:11:28.125,1.08158,1.08178,1.15,1.00
2014.04.10 15:11:28.574,1.08158,1.08176,1.15,1.00
2014.04.10 15:11:29.138,1.08158,1.08177,1.15,1.00
2014.04.10 15:11:29.725,1.08159,1.08176,2.03,1.00
2014.04.10 15:11:30.473,1.08158,1.08177,2.78,1.00
2014.04.10 15:11:30.979,1.08159,1.08176,2.03,1.00
2014.04.10 15:11:32.687,1.08158,1.08177,2.78,1.00
2014.04.10 15:11:33.238,1.08159,1.08176,2.03,1.00
2014.04.10 15:11:34.018,1.08158,1.08177,2.78,1.00
2014.04.10 15:11:34.558,1.08159,1.08176,2.03,1.00
2014.04.10 15:11:35.142,1.08158,1.08177,2.97,1.00
2014.04.10 15:11:37.394,1.08159,1.08176,2.03,1.00
2014.04.10 15:11:38.619,1.08158,1.08177,2.97,1.00
2014.04.10 15:11:39.178,1.08159,1.08176,2.22,1.00
2014.04.10 15:11:40.051,1.08158,1.08177,2.97,1.00
2014.04.10 15:11:40.583,1.08159,1.08176,2.22,1.00
2014.04.10 15:11:41.500,1.08158,1.08182,2.97,1.50
2014.04.10 15:11:42.117,1.08159,1.08181,2.22,1.00
2014.04.10 15:11:42.621,1.08158,1.08182,2.97,1.00
2014.04.10 15:11:43.070,1.08158,1.08182,3.34,1.00
2014.04.10 15:11:43.384,1.08162,1.08184,1.09,1.00
2014.04.10 15:11:43.889,1.0816,1.08178,2.59,1.00
2014.04.10 15:11:44.395,1.0816,1.08178,1.19,1.00
2014.04.10 15:11:44.698,1.0816,1.08178,1.25,1.00
2014.04.10 15:11:45.179,1.0816,1.08182,1.25,1.00
2014.04.10 15:11:45.779,1.0816,1.08182,1.19,1.00
2014.04.10 15:11:47.681,1.0816,1.08182,1.25,1.00
2014.04.10 15:11:48.628,1.08162,1.08182,1.00,1.00
2014.04.10 15:11:48.932,1.08162,1.08183,1.69,1.00
2014.04.10 15:11:49.271,1.08166,1.08183,1.00,1.00
2014.04.10 15:11:49.628,1.08164,1.08183,1.25,1.00
2014.04.10 15:11:49.781,1.08164,1.08181,1.25,1.00
2014.04.10 15:11:50.185,1.08159,1.08181,1.19,1.00
2014.04.10 15:11:50.886,1.08159,1.08182,1.19,1.00
2014.04.10 15:11:51.349,1.08159,1.08178,1.32,1.00
2014.04.10 15:11:51.703,1.08158,1.08182,1.57,1.00
2014.04.10 15:11:51.805,1.08158,1.08177,1.13,1.00
2014.04.10 15:11:52.445,1.08156,1.08176,1.94,1.00
2014.04.10 15:11:53.019,1.08156,1.08177,1.94,1.00
2014.04.10 15:11:53.544,1.08155,1.08176,2.04,1.00
2014.04.10 15:11:54.050,1.08155,1.08177,2.04,1.00
2014.04.10 15:11:54.781,1.08156,1.08177,1.69,1.00
2014.04.10 15:11:55.784,1.08156,1.08177,1.69,1.00
2014.04.10 15:11:56.321,1.08156,1.08176,1.69,1.00
2014.04.10 15:11:57.055,1.08156,1.08177,1.69,1.00
2014.04.10 15:11:58.438,1.08156,1.08176,1.69,1.00
2014.04.10 15:11:58.960,1.08156,1.08177,1.69,1.00
2014.04.10 15:11:59.517,1.08156,1.08176,1.69,1.00
2014.04.10 15:12:00.304,1.08156,1.08177,1.69,1.00
2014.04.10 15:12:00.837,1.08156,1.08173,1.69,1.00
2014.04.10 15:12:01.039,1.08154,1.08176,2.52,1.00
2014.04.10 15:12:01.483,1.08154,1.0818,4.47,1.19
2014.04.10 15:12:01.988,1.08158,1.08183,1.39,2.44
2014.04.10 15:12:02.560,1.08158,1.08178,1.39,1.00
2014.04.10 15:12:03.068,1.08158,1.08178,1.39,1.00
2014.04.10 15:12:03.598,1.08158,1.08183,1.39,3.19
2014.04.10 15:12:04.126,1.08157,1.08182,2.22,1.19
2014.04.10 15:12:04.177,1.08156,1.08177,1.72,1.00
2014.04.10 15:12:05.003,1.08154,1.08177,2.52,1.00
2014.04.10 15:12:05.585,1.08154,1.08176,4.09,1.00
2014.04.10 15:12:06.109,1.08154,1.08176,2.22,1.00
2014.04.10 15:12:06.748,1.08154,1.08177,2.22,1.00
2014.04.10 15:12:07.285,1.08154,1.08176,2.22,1.00
2014.04.10 15:12:07.795,1.08154,1.08177,2.22,1.00
2014.04.10 15:12:08.657,1.08157,1.08176,1.77,1.00
2014.04.10 15:12:09.214,1.08157,1.08177,1.58,1.00
2014.04.10 15:12:09.851,1.08157,1.08176,1.58,1.00
2014.04.10 15:12:10.483,1.08157,1.08177,1.58,1.25
2014.04.10 15:12:11.627,1.08157,1.08176,1.58,1.00
2014.04.10 15:12:11.996,1.0816,1.08181,1.00,1.19
2014.04.10 15:12:13.338,1.0816,1.08182,1.00,1.19
2014.04.10 15:12:13.389,1.08159,1.08182,1.15,1.19
2014.04.10 15:12:13.885,1.08159,1.08178,1.15,1.00
2014.04.10 15:12:14.061,1.08163,1.08182,1.50,1.00
2014.04.10 15:12:14.162,1.08165,1.08182,1.00,1.00
2014.04.10 15:12:14.466,1.08166,1.08179,1.19,1.00
2014.04.10 15:12:14.749,1.08163,1.08179,1.27,1.00
2014.04.10 15:12:15.661,1.08161,1.08179,1.27,1.00
2014.04.10 15:12:15.865,1.08161,1.08184,1.34,1.00
2014.04.10 15:12:16.088,1.08164,1.08179,1.09,1.00
2014.04.10 15:12:16.663,1.08161,1.08179,1.72,1.00
2014.04.10 15:12:17.209,1.08161,1.08179,1.74,1.00
2014.04.10 15:12:18.297,1.08161,1.08179,1.74,1.00
2014.04.10 15:12:18.997,1.08161,1.08179,1.47,1.00
2014.04.10 15:12:19.829,1.08161,1.08179,1.47,1.00
2014.04.10 15:12:20.547,1.08161,1.08179,1.55,1.00
2014.04.10 15:12:21.064,1.0816,1.08179,2.59,1.00
2014.04.10 15:12:22.166,1.0816,1.08179,1.65,1.00
2014.04.10 15:12:22.990,1.0816,1.08179,2.40,1.00
2014.04.10 15:12:23.335,1.08163,1.08178,2.78,1.00
2014.04.10 15:12:23.741,1.08164,1.08178,1.55,1.00
2014.04.10 15:12:23.918,1.08164,1.08178,1.18,1.00
2014.04.10 15:12:24.228,1.08164,1.08178,2.78,1.00
2014.04.10 15:12:24.583,1.08163,1.08184,2.03,1.19
2014.04.10 15:12:25.085,1.08163,1.08184,1.95,1.19
2014.04.10 15:12:25.439,1.08163,1.08178,1.95,1.00
2014.04.10 15:12:26.049,1.08164,1.08178,1.88,1.00
2014.04.10 15:12:26.969,1.08163,1.08178,1.88,1.00
2014.04.10 15:12:27.689,1.08164,1.08178,1.88,1.00
2014.04.10 15:12:28.098,1.08163,1.08174,2.63,1.00
2014.04.10 15:12:28.645,1.08164,1.08174,1.88,1.00
2014.04.10 15:12:29.282,1.08163,1.08174,1.88,1.00
2014.04.10 15:12:30.173,1.08164,1.08174,1.88,1.00
2014.04.10 15:12:31.408,1.08164,1.08179,1.88,1.00
2014.04.10 15:12:31.992,1.08164,1.08178,1.88,1.00
2014.04.10 15:12:33.178,1.08163,1.08178,1.88,1.00
2014.04.10 15:12:34.602,1.08164,1.08178,1.88,1.00
2014.04.10 15:12:35.128,1.08164,1.08184,2.63,1.19
2014.04.10 15:12:35.887,1.08164,1.08178,2.63,1.00
2014.04.10 15:12:37.879,1.08164,1.08187,1.88,2.44
2014.04.10 15:12:37.985,1.08168,1.08187,1.00,2.44
2014.04.10 15:12:38.524,1.08168,1.08187,1.00,2.44
2014.04.10 15:12:39.078,1.08164,1.08186,1.18,1.19
2014.04.10 15:12:39.383,1.08167,1.08183,1.00,1.25
2014.04.10 15:12:39.637,1.08161,1.08183,1.15,1.19
2014.04.10 15:12:39.840,1.08161,1.08183,1.00,2.44
2014.04.10 15:12:40.424,1.08161,1.08183,1.38,1.69
2014.04.10 15:12:40.581,1.08161,1.08183,1.00,1.69
2014.04.10 15:12:41.097,1.08159,1.08183,2.14,1.69
2014.04.10 15:12:41.372,1.08163,1.08183,1.00,1.19
2014.04.10 15:12:42.104,1.08163,1.08178,1.00,1.00
2014.04.10 15:12:42.155,1.08159,1.08178,2.14,1.00
2014.04.10 15:12:42.306,1.08154,1.08177,3.83,1.19
2014.04.10 15:12:42.812,1.08161,1.08182,1.00,1.69
2014.04.10 15:12:43.442,1.08159,1.08182,2.89,1.19
2014.04.10 15:12:43.696,1.08158,1.08182,2.97,1.25
2014.04.10 15:12:44.009,1.08163,1.08182,1.00,1.25
2014.04.10 15:12:44.572,1.08166,1.08182,1.00,1.25
2014.04.10 15:12:44.775,1.08167,1.08185,1.00,2.25
2014.04.10 15:12:45.753,1.08167,1.08186,1.00,1.25
2014.04.10 15:12:46.438,1.08165,1.08186,1.19,1.00
2014.04.10 15:12:46.986,1.08165,1.08185,1.00,2.25
2014.04.10 15:12:47.739,1.08165,1.08184,1.00,2.25
2014.04.10 15:12:48.210,1.08167,1.08184,1.00,2.25
2014.04.10 15:12:48.522,1.08162,1.08185,1.69,2.25
2014.04.10 15:12:48.674,1.08162,1.08182,1.19,1.00
2014.04.10 15:12:49.484,1.08159,1.08182,1.00,1.19
2014.04.10 15:12:50.069,1.08158,1.08181,1.25,1.25
2014.04.10 15:12:50.742,1.08158,1.08181,1.00,1.69
2014.04.10 15:12:51.799,1.08158,1.08181,1.00,1.19
2014.04.10 15:12:53.268,1.08158,1.08181,1.00,1.19
2014.04.10 15:12:56.577,1.08168,1.08181,1.00,1.19
2014.04.10 15:12:56.679,1.08168,1.08185,1.00,1.25
2014.04.10 15:12:56.831,1.08161,1.08184,2.22,1.50
2014.04.10 15:12:57.034,1.08158,1.08184,1.34,2.44
2014.04.10 15:12:57.236,1.08156,1.08182,1.47,1.88
2014.04.10 15:12:57.782,1.08153,1.08179,2.59,1.00
2014.04.10 15:12:57.933,1.08158,1.08178,1.09,1.00
2014.04.10 15:12:58.824,1.08158,1.0818,1.09,1.19
2014.04.10 15:12:59.152,1.08164,1.0818,1.00,1.19
2014.04.10 15:12:59.589,1.08164,1.08183,1.00,2.82
2014.04.10 15:13:00.658,1.08164,1.08183,1.00,2.82
2014.04.10 15:13:01.720,1.08164,1.08183,1.00,2.82
2014.04.10 15:13:02.247,1.08164,1.08183,1.00,2.82
2014.04.10 15:13:02.703,1.08165,1.08184,1.00,2.44
2014.04.10 15:13:02.855,1.0817,1.08184,1.00,2.44
2014.04.10 15:13:03.108,1.08162,1.08184,1.69,2.44
2014.04.10 15:13:03.361,1.08161,1.08178,1.00,1.00
2014.04.10 15:13:03.602,1.08157,1.08183,2.22,3.57
2014.04.10 15:13:03.754,1.08155,1.08181,1.72,1.32
2014.04.10 15:13:03.855,1.08155,1.08177,1.64,1.00
2014.04.10 15:13:04.211,1.08153,1.08179,3.72,1.19
2014.04.10 15:13:04.716,1.08154,1.08179,2.22,1.25
2014.04.10 15:13:05.708,1.08153,1.08179,2.22,1.00
2014.04.10 15:13:06.691,1.08153,1.08179,2.97,1.25
2014.04.10 15:13:08.272,1.08154,1.08179,2.22,1.00
2014.04.10 15:13:10.638,1.08156,1.08181,1.37,1.19
2014.04.10 15:13:10.953,1.08159,1.08181,1.15,1.19
2014.04.10 15:13:11.940,1.0816,1.08183,1.40,1.19
2014.04.10 15:13:13.261,1.08159,1.08183,1.34,1.19
2014.04.10 15:13:14.416,1.08159,1.08183,1.47,1.19
2014.04.10 15:13:15.205,1.08157,1.08183,1.39,2.44
2014.04.10 15:13:15.357,1.08157,1.08179,1.77,1.00
2014.04.10 15:13:15.661,1.08157,1.08177,1.00,1.19
2014.04.10 15:13:15.965,1.08158,1.08177,1.88,1.00
2014.04.10 15:13:16.557,1.08159,1.08177,1.88,1.00
2014.04.10 15:13:16.971,1.08162,1.08179,1.00,1.00
2014.04.10 15:13:17.022,1.08162,1.08183,1.00,1.19
2014.04.10 15:13:17.074,1.08162,1.08183,1.19,1.00
2014.04.10 15:13:17.377,1.08161,1.08179,1.00,1.00
2014.04.10 15:13:17.607,1.08158,1.08179,1.08,1.19
2014.04.10 15:13:17.709,1.0816,1.0818,1.00,1.00
2014.04.10 15:13:19.144,1.08159,1.0818,1.00,1.00
2014.04.10 15:13:19.659,1.08159,1.08179,1.00,1.00
2014.04.10 15:13:21.502,1.08159,1.08177,1.25,1.00
2014.04.10 15:13:22.542,1.08161,1.08177,1.00,1.00
2014.04.10 15:13:23.478,1.08161,1.08179,1.00,1.19
2014.04.10 15:13:24.653,1.08159,1.08181,1.00,3.19
2014.04.10 15:13:26.186,1.08159,1.08179,1.13,1.19
2014.04.10 15:13:27.195,1.08159,1.08178,1.13,1.19
2014.04.10 15:13:29.317,1.08159,1.08183,1.13,1.19
2014.04.10 15:13:29.367,1.08163,1.08183,1.00,1.19
2014.04.10 15:13:29.628,1.08164,1.08184,1.00,1.19
2014.04.10 15:13:31.609,1.08163,1.08184,1.00,1.19
2014.04.10 15:13:32.220,1.08163,1.08184,1.00,1.25
2014.04.10 15:13:32.739,1.08163,1.08185,1.00,1.69
2014.04.10 15:13:33.316,1.08164,1.08185,1.00,1.69
2014.04.10 15:13:34.744,1.08164,1.08185,1.00,1.19
2014.04.10 15:13:35.407,1.08163,1.08185,1.00,1.19
2014.04.10 15:13:35.995,1.08163,1.08185,1.00,1.19
2014.04.10 15:13:36.664,1.08163,1.08185,1.00,1.19
2014.04.10 15:13:38.116,1.08164,1.08185,1.00,1.19
2014.04.10 15:13:39.157,1.08163,1.08185,1.00,1.19
2014.04.10 15:13:40.080,1.08164,1.08185,1.00,1.19
2014.04.10 15:13:40.775,1.08164,1.08185,1.00,1.19
2014.04.10 15:13:41.282,1.08163,1.08185,1.00,1.69
2014.04.10 15:13:42.226,1.08164,1.08181,1.00,1.19
2014.04.10 15:13:43.210,1.08164,1.08181,1.00,1.19
2014.04.10 15:13:43.640,1.08159,1.08181,2.40,1.19
2014.04.10 15:13:44.146,1.08159,1.08181,1.28,1.19
2014.04.10 15:13:44.536,1.08159,1.08181,1.00,1.19
2014.04.10 15:13:44.743,1.08159,1.08179,1.00,1.19
2014.04.10 15:13:45.714,1.08159,1.0818,1.00,1.19
2014.04.10 15:13:47.733,1.08159,1.0818,1.00,1.19
2014.04.10 15:13:50.253,1.08159,1.08178,1.00,1.19
2014.04.10 15:13:52.787,1.08159,1.0818,1.00,1.19
2014.04.10 15:13:55.096,1.08159,1.0818,1.00,1.19
2014.04.10 15:13:59.410,1.0816,1.0818,1.00,1.19
2014.04.10 15:14:01.140,1.0816,1.08181,1.00,1.19
2014.04.10 15:14:01.578,1.08157,1.08181,1.67,1.19
2014.04.10 15:14:02.021,1.08157,1.08179,1.48,1.69
2014.04.10 15:14:02.764,1.08157,1.08179,1.58,1.69
2014.04.10 15:14:03.127,1.08157,1.08179,1.20,1.69
2014.04.10 15:14:03.605,1.08156,1.08173,1.38,1.00
2014.04.10 15:14:03.915,1.08156,1.08177,1.38,1.19
2014.04.10 15:14:04.017,1.08154,1.08177,3.34,1.19
2014.04.10 15:14:04.423,1.0816,1.08177,1.00,1.19
2014.04.10 15:14:05.041,1.0816,1.08178,1.00,1.19
2014.04.10 15:14:05.165,1.0816,1.0818,1.00,1.69
2014.04.10 15:14:05.686,1.0816,1.0818,1.15,1.19
2014.04.10 15:14:06.194,1.0816,1.08181,1.15,1.19
2014.04.10 15:14:07.153,1.0816,1.08181,1.00,1.19
2014.04.10 15:14:07.799,1.0816,1.08178,1.00,1.00
2014.04.10 15:14:08.526,1.0816,1.0818,1.00,1.19
2014.04.10 15:14:09.375,1.0816,1.08178,1.00,1.19
2014.04.10 15:14:10.380,1.0816,1.08177,1.00,1.19
2014.04.10 15:14:11.676,1.0816,1.08177,1.00,1.19
2014.04.10 15:14:12.443,1.08155,1.08177,1.25,1.19
2014.04.10 15:14:12.980,1.08155,1.08179,1.00,1.19
2014.04.10 15:14:14.220,1.08155,1.08179,1.00,1.19
2014.04.10 15:14:18.219,1.08155,1.08177,1.00,1.19
2014.04.10 15:14:18.753,1.08156,1.08177,2.03,1.19
2014.04.10 15:14:18.854,1.08163,1.08178,1.10,1.00
2014.04.10 15:14:19.370,1.08156,1.08181,2.40,1.19
2014.04.10 15:14:19.876,1.08159,1.08179,1.10,1.25
2014.04.10 15:14:19.928,1.08159,1.08179,1.08,1.25
2014.04.10 15:14:20.131,1.08164,1.08183,1.00,1.19
2014.04.10 15:14:20.282,1.08164,1.08184,1.00,1.25
2014.04.10 15:14:21.892,1.08164,1.08179,1.00,1.00
2014.04.10 15:14:22.207,1.08164,1.08174,1.00,1.00
2014.04.10 15:14:22.569,1.08163,1.08178,1.10,1.00
2014.04.10 15:14:22.872,1.08164,1.08183,1.00,1.00
2014.04.10 15:14:23.529,1.08164,1.08182,1.00,1.19
2014.04.10 15:14:24.498,1.08163,1.08182,1.10,1.19
2014.04.10 15:14:25.062,1.08164,1.08183,1.00,1.19
2014.04.10 15:14:25.626,1.08163,1.08183,1.10,1.19
2014.04.10 15:14:26.962,1.08164,1.08183,1.00,1.19
2014.04.10 15:14:27.596,1.08163,1.08183,1.10,1.69
2014.04.10 15:14:28.194,1.08164,1.08183,1.00,1.25
2014.04.10 15:14:28.742,1.08163,1.08183,1.10,1.25
2014.04.10 15:14:29.245,1.08163,1.08184,1.10,1.19
2014.04.10 15:14:29.946,1.08164,1.08184,1.00,1.19
2014.04.10 15:14:30.458,1.08161,1.08184,1.18,1.19
2014.04.10 15:14:31.001,1.08164,1.08184,1.00,1.19
2014.04.10 15:14:31.642,1.08164,1.08185,1.00,1.19
2014.04.10 15:14:32.752,1.08163,1.08185,1.10,1.19
2014.04.10 15:14:33.363,1.08163,1.08183,1.10,1.00
2014.04.10 15:14:33.832,1.08159,1.08183,1.08,1.25
2014.04.10 15:14:33.933,1.08159,1.08183,1.00,1.25
2014.04.10 15:14:34.471,1.08159,1.08181,1.00,1.19
2014.04.10 15:14:39.016,1.08159,1.08182,1.10,1.19
2014.04.10 15:14:44.675,1.08159,1.0818,1.20,1.19
2014.04.10 15:14:45.908,1.08159,1.0818,1.28,1.19
2014.04.10 15:14:46.009,1.08163,1.08188,1.08,1.00
2014.04.10 15:14:46.162,1.08162,1.08179,1.84,1.00
2014.04.10 15:14:46.213,1.08162,1.08179,1.84,1.00
2014.04.10 15:14:46.316,1.08164,1.08179,1.13,1.00
2014.04.10 15:14:46.620,1.08164,1.08185,1.13,1.19
2014.04.10 15:14:46.772,1.08165,1.08185,1.08,1.19
2014.04.10 15:14:46.898,1.08165,1.08187,1.08,1.25
2014.04.10 15:14:47.169,1.08171,1.08187,1.00,1.25
2014.04.10 15:14:47.383,1.08165,1.08187,1.08,1.25
2014.04.10 15:14:48.002,1.08165,1.08187,1.33,1.19
2014.04.10 15:14:49.489,1.08168,1.08188,1.08,3.19
2014.04.10 15:14:49.540,1.08168,1.08188,1.33,2.25
2014.04.10 15:14:49.941,1.08172,1.08193,1.00,2.07
2014.04.10 15:14:51.039,1.08172,1.08193,1.00,2.07
2014.04.10 15:14:51.818,1.0817,1.08188,1.25,1.00
2014.04.10 15:14:52.020,1.08165,1.08187,1.00,1.50
2014.04.10 15:14:52.223,1.08159,1.08186,2.22,1.13
2014.04.10 15:14:52.274,1.08158,1.08186,3.34,1.69
2014.04.10 15:14:56.684,1.08158,1.08184,3.34,1.19
2014.04.10 15:14:57.790,1.08159,1.08182,2.22,1.19
2014.04.10 15:15:00.020,1.08158,1.08183,3.34,1.19
2014.04.10 15:15:00.423,1.08159,1.08183,2.22,1.19
2014.04.10 15:15:00.827,1.0816,1.08183,1.40,1.19
2014.04.10 15:15:01.030,1.08164,1.08186,1.18,1.19
2014.04.10 15:15:01.536,1.08164,1.08184,2.03,1.00
2014.04.10 15:15:01.747,1.08164,1.08187,2.22,1.19
2014.04.10 15:15:01.798,1.08164,1.08184,2.22,1.00
2014.04.10 15:15:02.165,1.08163,1.08187,2.59,1.19
2014.04.10 15:15:02.800,1.08163,1.08187,2.59,1.19
2014.04.10 15:15:03.570,1.08164,1.08183,2.22,1.00
2014.04.10 15:15:05.337,1.08161,1.08183,2.78,1.00
2014.04.10 15:15:05.388,1.08161,1.08183,3.15,1.00
2014.04.10 15:15:05.844,1.0816,1.08184,1.78,1.19
2014.04.10 15:15:06.529,1.0816,1.08184,1.53,1.19
2014.04.10 15:15:07.361,1.0816,1.08183,1.53,1.19
2014.04.10 15:15:07.624,1.0816,1.08184,1.72,1.50
2014.04.10 15:15:08.176,1.0816,1.08184,1.72,1.50
2014.04.10 15:15:08.714,1.0816,1.08184,1.72,1.50
2014.04.10 15:15:09.555,1.0816,1.08184,1.72,1.50
2014.04.10 15:15:10.060,1.0816,1.08184,1.72,1.50
2014.04.10 15:15:10.365,1.08165,1.08183,1.00,1.00
2014.04.10 15:15:10.910,1.08165,1.08183,1.19,1.00
2014.04.10 15:15:12.050,1.08164,1.08184,1.19,1.50
2014.04.10 15:15:12.307,1.08162,1.08184,1.63,1.50
2014.04.10 15:15:12.560,1.08159,1.08184,1.72,1.50
2014.04.10 15:15:13.327,1.0816,1.08184,1.72,1.50
2014.04.10 15:15:15.293,1.0816,1.08184,1.72,1.50
2014.04.10 15:15:15.817,1.0816,1.08184,1.72,1.50
2014.04.10 15:15:17.261,1.0816,1.08184,1.72,1.50
2014.04.10 15:15:17.811,1.0816,1.08184,1.72,1.50
2014.04.10 15:15:18.219,1.08159,1.08184,1.34,1.50
2014.04.10 15:15:18.799,1.08159,1.08184,1.34,1.50
2014.04.10 15:15:19.906,1.08164,1.08184,1.00,1.50
2014.04.10 15:15:20.209,1.08165,1.08184,1.19,1.50
2014.04.10 15:15:21.328,1.08165,1.08184,1.19,1.50
2014.04.10 15:15:22.577,1.08165,1.08184,1.27,1.50
2014.04.10 15:15:22.881,1.08171,1.08184,1.00,1.00
2014.04.10 15:15:22.983,1.08171,1.08187,1.25,1.00
2014.04.10 15:15:23.513,1.08171,1.08188,1.00,1.00
2014.04.10 15:15:23.665,1.08164,1.08189,1.34,1.00
2014.04.10 15:15:23.715,1.08164,1.08187,1.34,1.00
2014.04.10 15:15:29.203,1.08165,1.08187,1.29,1.00
2014.04.10 15:15:29.509,1.08162,1.08184,1.34,1.00
2014.04.10 15:15:29.611,1.08162,1.08187,1.29,1.00
2014.04.10 15:15:29.712,1.08165,1.08187,1.00,1.25
2014.04.10 15:15:30.069,1.08162,1.08186,1.10,1.00
2014.04.10 15:15:30.372,1.08164,1.08186,1.00,1.00
2014.04.10 15:15:30.676,1.08165,1.08187,1.29,1.00
2014.04.10 15:15:30.985,1.08165,1.08187,1.84,1.00
2014.04.10 15:15:31.458,1.08174,1.08188,1.00,1.00
2014.04.10 15:15:31.685,1.08168,1.08188,1.34,1.00
2014.04.10 15:15:31.786,1.08168,1.08184,1.34,1.00
2014.04.10 15:15:31.887,1.08168,1.08188,1.84,1.00
2014.04.10 15:15:32.242,1.08168,1.08188,1.37,1.00
2014.04.10 15:15:35.736,1.08169,1.08188,1.39,1.00
2014.04.10 15:15:36.748,1.08169,1.08188,1.39,1.00
2014.04.10 15:15:37.261,1.08171,1.08189,1.34,1.00
2014.04.10 15:15:37.566,1.08173,1.08194,1.37,1.50
2014.04.10 15:15:38.125,1.08174,1.08194,1.10,1.00
2014.04.10 15:15:40.065,1.08171,1.08184,1.10,1.00
2014.04.10 15:15:40.374,1.08169,1.08184,1.13,1.00
2014.04.10 15:15:40.875,1.08168,1.08184,1.02,1.00
2014.04.10 15:15:41.027,1.08164,1.08184,1.40,1.00
2014.04.10 15:15:41.489,1.08163,1.08184,1.02,1.00
2014.04.10 15:15:41.802,1.08163,1.08184,1.09,1.00
2014.04.10 15:15:42.358,1.08162,1.08184,1.77,1.00
2014.04.10 15:15:42.509,1.08164,1.08188,1.47,1.00
2014.04.10 15:15:42.813,1.08165,1.08192,1.40,2.44
2014.04.10 15:15:43.318,1.08169,1.08191,1.00,1.00
2014.04.10 15:15:45.566,1.08169,1.08188,1.25,1.00
2014.04.10 15:15:46.136,1.08168,1.08188,1.00,1.00
2014.04.10 15:15:46.890,1.08168,1.08183,1.00,1.00
2014.04.10 15:15:50.064,1.08168,1.08188,1.00,1.00
2014.04.10 15:15:51.704,1.08168,1.08188,1.19,1.00
2014.04.10 15:15:52.207,1.08169,1.08189,1.25,1.00
2014.04.10 15:15:52.534,1.08169,1.08191,1.00,1.00
2014.04.10 15:15:52.861,1.08169,1.08188,1.00,1.00
2014.04.10 15:15:59.264,1.08169,1.08191,1.25,1.00
2014.04.10 15:15:59.557,1.08169,1.08189,1.25,1.00
2014.04.10 15:16:00.309,1.08169,1.08189,1.19,1.00
2014.04.10 15:16:00.435,1.08169,1.08191,1.19,1.00
2014.04.10 15:16:00.915,1.08169,1.08188,1.69,1.00
2014.04.10 15:16:05.604,1.08169,1.08191,1.19,1.00
2014.04.10 15:16:08.834,1.08169,1.08189,1.19,1.00
2014.04.10 15:16:09.042,1.08169,1.08191,1.19,1.00
2014.04.10 15:16:09.234,1.08169,1.08189,1.19,1.00
2014.04.10 15:16:09.335,1.08169,1.08189,1.69,1.00
2014.04.10 15:16:14.321,1.08169,1.08189,1.19,1.00
2014.04.10 15:16:14.656,1.08165,1.0819,1.18,1.00
2014.04.10 15:16:15.225,1.08165,1.0819,1.00,1.00
2014.04.10 15:16:22.732,1.08165,1.0819,1.08,1.00
2014.04.10 15:16:23.153,1.08165,1.08193,1.08,2.25
2014.04.10 15:16:23.204,1.08165,1.08193,1.08,2.25
2014.04.10 15:16:26.051,1.08165,1.08193,1.00,2.52
2014.04.10 15:16:26.102,1.08165,1.08191,1.00,1.00
2014.04.10 15:16:26.825,1.08165,1.08191,1.00,1.19
2014.04.10 15:16:32.007,1.08165,1.08191,1.00,1.00
2014.04.10 15:16:33.335,1.08165,1.08189,1.00,1.00
2014.04.10 15:16:33.870,1.08165,1.08188,1.00,1.00
2014.04.10 15:16:34.915,1.08168,1.08188,1.00,1.00
2014.04.10 15:16:35.904,1.08168,1.08189,1.00,1.50
2014.04.10 15:16:37.440,1.08168,1.0819,1.25,1.00
2014.04.10 15:16:37.491,1.08168,1.08192,1.69,1.50
2014.04.10 15:16:38.064,1.08168,1.08192,1.69,1.50
2014.04.10 15:16:39.206,1.08168,1.08192,1.69,1.50
2014.04.10 15:16:40.247,1.08169,1.08192,1.00,1.50
2014.04.10 15:16:41.517,1.08169,1.08192,1.19,1.69
2014.04.10 15:16:43.541,1.08169,1.08192,1.00,1.69
2014.04.10 15:16:44.532,1.08169,1.08192,1.00,1.69
2014.04.10 15:16:44.965,1.08165,1.08192,1.19,1.69
2014.04.10 15:16:45.802,1.08163,1.08188,1.47,1.00
2014.04.10 15:16:49.632,1.08162,1.08189,2.07,2.25
2014.04.10 15:16:50.262,1.08164,1.08189,1.19,2.25
2014.04.10 15:16:50.444,1.08164,1.08192,1.19,1.58
2014.04.10 15:16:53.158,1.08168,1.08192,1.25,1.58
2014.04.10 15:16:53.696,1.08169,1.08192,1.00,1.58
2014.04.10 15:16:54.241,1.08164,1.08192,1.69,1.58
2014.04.10 15:16:55.175,1.08165,1.08192,1.19,1.58
2014.04.10 15:16:57.285,1.08164,1.08192,2.07,1.77
2014.04.10 15:16:57.400,1.08164,1.08187,1.19,1.00
2014.04.10 15:16:57.824,1.08169,1.08187,1.00,1.00
2014.04.10 15:16:57.926,1.08169,1.08193,1.40,3.00
2014.04.10 15:16:58.381,1.08174,1.08198,1.00,2.07
2014.04.10 15:16:58.908,1.08174,1.08198,1.08,2.07
2014.04.10 15:16:59.429,1.08174,1.08198,2.14,1.63
2014.04.10 15:16:59.942,1.08174,1.08198,1.64,1.63
2014.04.10 15:17:00.603,1.08174,1.08198,2.14,1.63
2014.04.10 15:17:01.115,1.08174,1.08198,2.14,1.38
2014.04.10 15:17:01.674,1.08174,1.08198,1.64,1.38
2014.04.10 15:17:01.827,1.08173,1.08196,1.57,1.88
2014.04.10 15:17:02.594,1.08171,1.08193,1.32,1.00
2014.04.10 15:17:02.847,1.08171,1.08193,1.32,1.25
2014.04.10 15:17:04.827,1.08171,1.08193,1.32,1.25
2014.04.10 15:17:05.835,1.08171,1.08194,1.13,1.25
2014.04.10 15:17:06.346,1.08171,1.08193,1.13,1.00
2014.04.10 15:17:06.449,1.08168,1.08191,2.07,1.00
2014.04.10 15:17:07.458,1.08169,1.08194,1.19,1.25
2014.04.10 15:17:07.964,1.0817,1.08194,1.19,1.10
2014.04.10 15:17:08.337,1.0817,1.08191,1.19,1.00
2014.04.10 15:17:08.843,1.0817,1.08191,1.19,1.50
2014.04.10 15:17:09.772,1.0817,1.08191,1.19,1.50
2014.04.10 15:17:10.808,1.0817,1.08191,1.19,1.50
2014.04.10 15:17:15.000,1.0817,1.08191,1.19,1.50
2014.04.10 15:17:15.741,1.0817,1.08191,1.19,1.50
2014.04.10 15:17:17.711,1.08169,1.08187,1.19,1.00
2014.04.10 15:17:17.863,1.08168,1.08187,1.00,1.00
2014.04.10 15:17:18.377,1.08163,1.08187,1.57,1.00
2014.04.10 15:17:18.738,1.08164,1.08189,1.32,1.00
2014.04.10 15:17:18.839,1.08164,1.08189,1.13,1.00
2014.04.10 15:17:21.319,1.08167,1.0819,1.00,1.50
2014.04.10 15:17:21.690,1.08164,1.08193,1.65,1.50
2014.04.10 15:17:24.530,1.08168,1.08193,1.00,1.00
2014.04.10 15:17:24.834,1.08167,1.08193,1.47,1.00
2014.04.10 15:17:24.945,1.08167,1.08196,1.47,1.13
2014.04.10 15:17:25.202,1.08169,1.08198,1.64,1.00
2014.04.10 15:17:25.915,1.08171,1.08198,1.38,1.00
2014.04.10 15:17:26.416,1.08171,1.08198,1.78,1.25
2014.04.10 15:17:27.906,1.08171,1.08198,1.72,1.19
2014.04.10 15:17:28.261,1.08174,1.08198,1.38,1.19
2014.04.10 15:17:29.317,1.08174,1.08198,1.38,1.19
2014.04.10 15:17:29.960,1.08174,1.08198,1.13,1.19
2014.04.10 15:17:30.062,1.08174,1.08198,1.32,1.25
2014.04.10 15:17:31.064,1.08174,1.08198,1.32,1.19
2014.04.10 15:17:31.672,1.08173,1.08195,1.38,1.00
2014.04.10 15:17:33.475,1.08174,1.08195,1.38,1.00
2014.04.10 15:17:34.630,1.08174,1.08199,1.38,2.44
2014.04.10 15:17:35.152,1.08173,1.08199,1.38,2.44
2014.04.10 15:17:35.685,1.08173,1.08199,1.50,1.69
2014.04.10 15:17:35.736,1.08177,1.08199,1.00,1.69
2014.04.10 15:17:36.428,1.08177,1.08199,1.32,1.00
2014.04.10 15:17:37.392,1.08177,1.08199,1.32,1.00
2014.04.10 15:17:37.906,1.08177,1.08202,1.32,1.19
2014.04.10 15:17:38.415,1.08177,1.08202,1.32,1.19
2014.04.10 15:17:39.572,1.08179,1.08202,1.19,1.00
2014.04.10 15:17:40.381,1.08178,1.08202,1.19,1.19
2014.04.10 15:17:41.037,1.08177,1.08202,1.77,1.00
2014.04.10 15:17:41.885,1.08177,1.08202,1.77,1.00
2014.04.10 15:17:42.653,1.08177,1.08206,2.52,2.07
2014.04.10 15:17:43.423,1.0818,1.08206,1.19,1.19
2014.04.10 15:17:44.448,1.08179,1.08206,1.32,1.25
2014.04.10 15:17:46.413,1.08178,1.08206,1.32,1.19
2014.04.10 15:17:48.549,1.0818,1.08206,2.22,1.00
2014.04.10 15:17:48.852,1.08183,1.08206,1.19,1.00
2014.04.10 15:17:50.760,1.08181,1.08206,1.37,1.00
2014.04.10 15:17:51.266,1.08179,1.08206,1.77,1.19
2014.04.10 15:17:52.473,1.08179,1.08206,2.89,1.25
2014.04.10 15:17:53.557,1.08179,1.08206,2.14,1.25
2014.04.10 15:17:54.469,1.08179,1.08206,2.14,1.19
2014.04.10 15:17:54.768,1.08179,1.08206,4.02,1.00
2014.04.10 15:17:55.072,1.08183,1.08206,1.19,1.00
2014.04.10 15:17:55.989,1.08184,1.08211,1.19,1.10
2014.04.10 15:17:56.494,1.08185,1.08211,1.19,1.00
2014.04.10 15:17:56.798,1.08191,1.08208,1.19,1.00
2014.04.10 15:17:56.899,1.0819,1.08208,1.25,1.00
2014.04.10 15:17:57.000,1.0819,1.08208,1.19,1.00
2014.04.10 15:17:58.175,1.08189,1.08208,1.19,1.00
2014.04.10 15:17:59.413,1.08189,1.08208,1.19,1.00
2014.04.10 15:17:59.767,1.08191,1.08208,2.14,1.00
2014.04.10 15:17:59.854,1.08191,1.08214,2.22,1.00
2014.04.10 15:18:00.007,1.08197,1.08214,1.40,1.00
2014.04.10 15:18:00.109,1.08197,1.08218,1.40,1.00
2014.04.10 15:18:00.564,1.08195,1.08216,1.53,1.00
2014.04.10 15:18:00.869,1.08195,1.08216,1.38,1.19
2014.04.10 15:18:00.920,1.08195,1.08218,1.88,1.00
2014.04.10 15:18:01.123,1.08198,1.08218,1.00,1.38
2014.04.10 15:18:01.647,1.08198,1.08218,1.00,1.00
2014.04.10 15:18:01.954,1.08198,1.08218,1.00,1.45
2014.04.10 15:18:02.491,1.08198,1.08218,1.00,1.38
2014.04.10 15:18:02.998,1.08198,1.08218,1.00,1.38
2014.04.10 15:18:03.574,1.08198,1.08218,1.00,1.63
2014.04.10 15:18:04.133,1.08198,1.08218,1.00,1.63
2014.04.10 15:18:05.627,1.08198,1.08218,1.00,1.63
2014.04.10 15:18:06.326,1.08198,1.08218,1.00,1.63
2014.04.10 15:18:07.263,1.08198,1.08218,1.00,1.38
2014.04.10 15:18:07.994,1.08199,1.0822,1.00,1.57
2014.04.10 15:18:08.522,1.08199,1.0822,1.50,1.63
2014.04.10 15:18:08.954,1.08201,1.08219,1.00,1.38
2014.04.10 15:18:09.259,1.08193,1.08213,1.19,1.00
2014.04.10 15:18:09.512,1.08193,1.08214,1.00,1.00
2014.04.10 15:18:09.664,1.08195,1.08218,1.00,1.25
2014.04.10 15:18:09.769,1.08195,1.08217,1.00,1.88
2014.04.10 15:18:10.058,1.0819,1.08215,1.34,1.38
2014.04.10 15:18:10.159,1.0819,1.08215,1.00,1.38
2014.04.10 15:18:10.311,1.0819,1.08208,1.00,1.00
2014.04.10 15:18:11.032,1.08186,1.08208,1.38,1.25
2014.04.10 15:18:11.136,1.08184,1.08208,1.00,1.25
2014.04.10 15:18:11.701,1.08185,1.08209,1.00,1.19
2014.04.10 15:18:13.540,1.08185,1.0821,1.00,1.19
2014.04.10 15:18:14.085,1.08185,1.08208,1.19,1.00
2014.04.10 15:18:14.289,1.08185,1.08212,1.19,1.77
2014.04.10 15:18:15.040,1.08185,1.08212,1.19,1.77
2014.04.10 15:18:15.545,1.08185,1.08209,1.25,1.19
2014.04.10 15:18:15.849,1.08188,1.08208,1.19,1.00
2014.04.10 15:18:16.051,1.08189,1.08213,1.00,1.38
2014.04.10 15:18:16.628,1.08189,1.08209,1.00,1.00
2014.04.10 15:18:18.864,1.08188,1.08209,1.00,1.00
2014.04.10 15:18:19.167,1.08188,1.08204,1.00,1.00
2014.04.10 15:18:19.218,1.08183,1.08204,2.52,1.00
2014.04.10 15:18:19.370,1.08181,1.08206,2.22,1.00
2014.04.10 15:18:19.934,1.08183,1.08209,1.63,1.69
2014.04.10 15:18:20.454,1.08183,1.08209,1.32,1.69
2014.04.10 15:18:21.024,1.08184,1.08211,1.00,1.69
2014.04.10 15:18:21.227,1.08184,1.08211,2.07,2.52
2014.04.10 15:18:22.029,1.08186,1.08211,1.00,1.34
2014.04.10 15:18:22.130,1.08189,1.08211,1.00,1.20
2014.04.10 15:18:22.433,1.08192,1.08211,1.00,1.08
2014.04.10 15:18:22.484,1.08192,1.08214,1.00,1.77
2014.04.10 15:18:23.033,1.08191,1.08215,1.00,2.52
2014.04.10 15:18:23.626,1.08191,1.08214,1.00,1.90
2014.04.10 15:18:24.151,1.08191,1.08214,1.00,1.90
2014.04.10 15:18:24.912,1.0819,1.08213,1.00,1.65
2014.04.10 15:18:25.115,1.08188,1.08213,1.00,1.77
2014.04.10 15:18:25.426,1.08187,1.08213,1.00,2.59
2014.04.10 15:18:26.282,1.08187,1.08213,1.00,2.59
2014.04.10 15:18:26.742,1.08188,1.08213,1.19,1.50
2014.04.10 15:18:27.046,1.08187,1.08213,1.25,1.84
2014.04.10 15:18:27.961,1.08185,1.08213,1.19,2.59
2014.04.10 15:18:30.369,1.08194,1.08213,1.00,1.57
2014.04.10 15:18:30.420,1.08194,1.08214,1.00,2.25
2014.04.10 15:18:30.522,1.08194,1.08216,1.69,1.88
2014.04.10 15:18:31.040,1.08194,1.08217,1.19,2.44
2014.04.10 15:18:31.549,1.08196,1.08219,1.00,1.48
2014.04.10 15:18:31.600,1.08196,1.08219,1.38,1.38
2014.04.10 15:18:31.955,1.08194,1.08218,1.00,1.57
2014.04.10 15:18:33.217,1.08194,1.08218,1.00,1.38
2014.04.10 15:18:33.750,1.08194,1.08218,1.00,1.38
2014.04.10 15:18:34.434,1.08194,1.08218,1.00,1.38
2014.04.10 15:18:34.791,1.08197,1.08218,1.00,1.63
2014.04.10 15:18:35.145,1.08199,1.08218,1.00,1.38
2014.04.10 15:18:35.449,1.08201,1.08219,1.25,1.00
2014.04.10 15:18:35.752,1.08205,1.08224,1.00,1.19
2014.04.10 15:18:36.056,1.08204,1.08218,1.00,1.00
2014.04.10 15:18:36.360,1.082,1.08218,1.00,1.00
2014.04.10 15:18:36.562,1.08197,1.08219,1.00,1.25
2014.04.10 15:18:36.764,1.08199,1.08222,1.00,2.07
2014.04.10 15:18:36.815,1.08199,1.08222,1.00,2.07
2014.04.10 15:18:36.932,1.08199,1.08224,1.00,1.00
2014.04.10 15:18:37.085,1.08204,1.08224,1.00,1.00
2014.04.10 15:18:37.403,1.08206,1.08227,1.00,2.25
2014.04.10 15:18:37.454,1.08206,1.08226,1.00,1.88
2014.04.10 15:18:37.996,1.08206,1.08227,1.00,1.88
2014.04.10 15:18:38.451,1.08204,1.08226,1.00,1.88
2014.04.10 15:18:38.666,1.08207,1.08227,1.00,1.88
2014.04.10 15:18:39.193,1.08208,1.08226,1.00,1.88
2014.04.10 15:18:39.552,1.08208,1.08218,1.00,1.00
2014.04.10 15:18:39.654,1.08203,1.08218,1.19,1.00
2014.04.10 15:18:39.705,1.08199,1.08218,1.19,1.00
2014.04.10 15:18:39.908,1.08196,1.08213,1.38,1.00
2014.04.10 15:18:40.439,1.08195,1.08213,1.38,1.00
2014.04.10 15:18:40.752,1.08203,1.08223,1.00,1.19
2014.04.10 15:18:40.803,1.08203,1.08223,1.00,1.00
2014.04.10 15:18:41.618,1.08203,1.08223,1.19,1.00
2014.04.10 15:18:42.083,1.08203,1.08228,1.19,2.63
2014.04.10 15:18:42.235,1.08203,1.08228,1.69,2.63
2014.04.10 15:18:42.438,1.08204,1.08228,1.00,2.78
2014.04.10 15:18:42.489,1.08209,1.08228,1.00,2.78
2014.04.10 15:18:42.590,1.08203,1.08228,1.25,2.78
2014.04.10 15:18:42.692,1.08203,1.08224,1.25,1.00
2014.04.10 15:18:43.120,1.082,1.08227,1.25,2.89
2014.04.10 15:18:43.625,1.082,1.08226,1.25,1.88
2014.04.10 15:18:44.212,1.082,1.08227,1.25,2.70
2014.04.10 15:18:44.729,1.082,1.08226,1.25,1.88
2014.04.10 15:18:45.859,1.082,1.08226,1.00,2.07
2014.04.10 15:18:45.909,1.08199,1.08223,1.25,1.50
2014.04.10 15:18:50.300,1.08199,1.08223,1.19,1.00
2014.04.10 15:18:52.282,1.08199,1.08223,1.00,1.00
2014.04.10 15:18:53.323,1.08199,1.08223,1.19,1.00
2014.04.10 15:18:55.581,1.08205,1.08226,1.00,2.25
2014.04.10 15:18:56.357,1.08204,1.08226,1.00,2.25
2014.04.10 15:18:56.902,1.08204,1.08227,1.00,2.40
2014.04.10 15:19:03.579,1.08204,1.08227,1.00,2.40
2014.04.10 15:19:14.058,1.08204,1.08227,1.00,1.13
2014.04.10 15:19:14.593,1.08203,1.08228,1.00,1.38
2014.04.10 15:19:15.133,1.08199,1.08226,1.39,1.00
2014.04.10 15:19:15.184,1.08199,1.08223,1.39,1.00
2014.04.10 15:19:15.286,1.08199,1.08226,1.69,1.13
2014.04.10 15:19:15.953,1.08199,1.08226,1.19,1.25
2014.04.10 15:19:16.620,1.08199,1.08225,1.37,1.00
2014.04.10 15:19:16.670,1.08199,1.08225,1.37,1.38
2014.04.10 15:19:17.317,1.08199,1.08225,1.37,1.38
2014.04.10 15:19:18.976,1.082,1.08223,1.00,1.00
2014.04.10 15:19:19.505,1.08197,1.08223,1.37,1.25
2014.04.10 15:19:20.739,1.08198,1.08223,1.34,1.00
2014.04.10 15:19:21.244,1.08198,1.08224,1.34,1.13
2014.04.10 15:19:21.776,1.08199,1.08225,1.34,1.88
2014.04.10 15:19:21.877,1.082,1.08224,1.39,1.38
2014.04.10 15:19:22.436,1.08203,1.08225,1.02,1.38
2014.04.10 15:19:22.953,1.08203,1.08224,1.29,1.13
2014.04.10 15:19:23.589,1.08203,1.08224,1.29,1.38
2014.04.10 15:19:24.147,1.08203,1.08224,1.02,1.13
2014.04.10 15:19:26.890,1.08203,1.08224,1.29,1.13
2014.04.10 15:19:27.931,1.08203,1.08224,1.02,1.13
2014.04.10 15:19:28.201,1.08207,1.08228,1.00,2.25
2014.04.10 15:19:28.505,1.08207,1.08223,1.00,1.00
2014.04.10 15:19:28.809,1.08207,1.08218,1.00,1.00
2014.04.10 15:19:28.860,1.08201,1.08223,1.19,1.38
2014.04.10 15:19:29.391,1.08203,1.08223,1.00,1.38
2014.04.10 15:19:29.543,1.08203,1.08227,1.40,1.50
2014.04.10 15:19:30.007,1.08204,1.08226,1.00,1.13
2014.04.10 15:19:30.058,1.08204,1.08218,1.00,1.00
2014.04.10 15:19:30.566,1.082,1.08218,1.65,1.00
2014.04.10 15:19:30.617,1.082,1.08221,1.15,1.00
2014.04.10 15:19:31.184,1.082,1.08221,1.15,1.19
2014.04.10 15:19:33.033,1.082,1.08221,1.15,1.00
2014.04.10 15:19:34.351,1.082,1.08213,1.15,1.00
2014.04.10 15:19:34.452,1.082,1.08213,1.00,1.00
2014.04.10 15:19:34.923,1.08199,1.08221,1.00,1.32
2014.04.10 15:19:34.974,1.08198,1.08221,1.78,1.00
2014.04.10 15:19:35.488,1.082,1.08223,1.20,2.07
2014.04.10 15:19:35.539,1.08202,1.08223,1.00,1.32
2014.04.10 15:19:35.691,1.08202,1.08227,1.00,1.32
2014.04.10 15:19:36.239,1.08202,1.08228,1.25,1.00
2014.04.10 15:19:38.905,1.08202,1.08228,1.00,1.19
2014.04.10 15:19:38.964,1.08202,1.08228,1.08,1.19
2014.04.10 15:19:39.267,1.08202,1.08224,1.00,1.00
2014.04.10 15:19:39.616,1.08202,1.08219,1.00,1.00
2014.04.10 15:19:39.869,1.08201,1.08223,1.58,1.50
2014.04.10 15:19:41.462,1.08199,1.08223,1.53,1.69
2014.04.10 15:19:42.005,1.082,1.08224,1.72,1.00
2014.04.10 15:19:42.107,1.082,1.08228,1.72,1.69
2014.04.10 15:19:42.259,1.082,1.08228,2.22,1.00
2014.04.10 15:19:42.871,1.082,1.08223,1.72,1.00
2014.04.10 15:19:43.175,1.08204,1.08219,1.39,1.00
2014.04.10 15:19:43.529,1.08203,1.08219,2.63,1.00
2014.04.10 15:19:43.631,1.08204,1.08224,1.88,1.25
2014.04.10 15:19:43.952,1.08203,1.08229,1.38,1.32
2014.04.10 15:19:44.462,1.08201,1.08229,1.57,1.32
2014.04.10 15:19:45.705,1.08201,1.08229,1.63,1.19
2014.04.10 15:19:46.375,1.08201,1.08229,1.38,1.25
2014.04.10 15:19:48.030,1.08201,1.08229,1.38,1.25
2014.04.10 15:19:48.748,1.08201,1.08229,1.38,1.25
2014.04.10 15:19:49.358,1.08201,1.08229,1.63,1.25
2014.04.10 15:19:50.000,1.08201,1.08229,1.57,1.19
2014.04.10 15:19:50.833,1.08201,1.08229,1.57,1.19
2014.04.10 15:19:51.338,1.08201,1.08229,1.38,1.25
2014.04.10 15:19:52.692,1.08201,1.08229,1.38,1.25
2014.04.10 15:19:53.319,1.08201,1.08229,1.63,1.25
2014.04.10 15:19:53.840,1.08201,1.08229,1.63,1.25
2014.04.10 15:19:54.457,1.08201,1.08229,1.57,1.25
2014.04.10 15:19:55.740,1.08201,1.08229,1.63,1.25
2014.04.10 15:19:56.289,1.08201,1.08229,1.57,1.25
2014.04.10 15:19:56.583,1.08201,1.08224,1.57,1.00
2014.04.10 15:19:56.836,1.082,1.08228,1.57,1.10
2014.04.10 15:19:57.993,1.082,1.08229,2.22,1.19
2014.04.10 15:20:00.059,1.082,1.08229,2.22,1.25
2014.04.10 15:20:00.771,1.082,1.08228,1.47,1.00
2014.04.10 15:20:00.872,1.082,1.08223,1.47,1.00
2014.04.10 15:20:01.125,1.08204,1.08228,1.88,1.19
2014.04.10 15:20:01.175,1.08203,1.08228,2.70,1.00
2014.04.10 15:20:01.277,1.08204,1.08228,2.97,1.00
2014.04.10 15:20:01.328,1.08204,1.0823,2.97,1.13
2014.04.10 15:20:01.530,1.08204,1.08234,3.72,2.63
2014.04.10 15:20:02.195,1.08204,1.08233,1.72,1.38
2014.04.10 15:20:03.429,1.08204,1.08233,2.22,1.38
2014.04.10 15:20:04.948,1.08204,1.08233,1.84,1.38
2014.04.10 15:20:05.850,1.08204,1.08233,3.72,1.13
2014.04.10 15:20:05.900,1.08204,1.08228,1.34,1.00
2014.04.10 15:20:06.052,1.08204,1.08228,1.08,1.00
2014.04.10 15:20:06.103,1.08204,1.08233,1.08,1.88
2014.04.10 15:20:06.671,1.08204,1.08233,1.27,2.07
2014.04.10 15:20:06.772,1.08204,1.08229,3.64,1.00
2014.04.10 15:20:06.873,1.08204,1.08233,1.27,1.69
2014.04.10 15:20:06.924,1.08204,1.08233,2.22,1.69
2014.04.10 15:20:07.347,1.08209,1.08233,1.35,2.07
2014.04.10 15:20:07.701,1.08213,1.08233,1.00,1.13
2014.04.10 15:20:08.228,1.08214,1.08236,1.25,2.44
2014.04.10 15:20:08.627,1.08213,1.08237,1.19,3.83
2014.04.10 15:20:09.454,1.08213,1.08237,1.19,3.83
2014.04.10 15:20:10.481,1.08214,1.08236,1.19,2.25
2014.04.10 15:20:11.318,1.08214,1.08237,1.19,2.70
2014.04.10 15:20:12.431,1.08214,1.08236,1.69,1.88
2014.04.10 15:20:13.150,1.08214,1.08236,1.69,1.88
2014.04.10 15:20:13.369,1.08214,1.08237,1.25,2.89
2014.04.10 15:20:13.881,1.08217,1.08237,1.00,2.89
2014.04.10 15:20:14.753,1.08219,1.08237,1.00,1.02
2014.04.10 15:20:15.121,1.08214,1.08234,1.19,1.00
2014.04.10 15:20:15.223,1.08214,1.08234,1.19,1.00
2014.04.10 15:20:15.374,1.08214,1.08237,1.19,1.13
2014.04.10 15:20:15.682,1.08213,1.08237,1.10,1.88
2014.04.10 15:20:15.885,1.08213,1.08233,1.10,1.00
2014.04.10 15:20:16.087,1.08211,1.08233,1.10,1.00
2014.04.10 15:20:16.419,1.08208,1.08232,1.95,1.25
2014.04.10 15:20:16.951,1.08208,1.08233,1.88,1.50
2014.04.10 15:20:17.326,1.08211,1.08234,1.19,1.00
2014.04.10 15:20:17.630,1.08208,1.08234,2.97,1.00
2014.04.10 15:20:17.941,1.08208,1.08234,2.22,1.00
2014.04.10 15:20:18.043,1.08208,1.08234,2.14,1.19
2014.04.10 15:20:19.059,1.08206,1.08234,1.57,2.44
2014.04.10 15:20:19.565,1.08207,1.08232,1.13,2.07
2014.04.10 15:20:20.091,1.08207,1.08232,1.38,2.07
2014.04.10 15:20:22.639,1.08206,1.08232,1.38,1.32
2014.04.10 15:20:23.451,1.08206,1.08233,1.38,1.57
2014.04.10 15:20:23.851,1.08206,1.08223,1.38,1.00
2014.04.10 15:20:23.953,1.08205,1.08223,1.13,1.00
2014.04.10 15:20:24.380,1.08203,1.08228,3.27,1.19
2014.04.10 15:20:24.532,1.08203,1.08224,3.27,1.00
2014.04.10 15:20:25.967,1.08204,1.08224,1.13,1.00
2014.04.10 15:20:26.479,1.08204,1.08224,1.38,1.00
2014.04.10 15:20:26.959,1.08205,1.08224,1.58,1.00
2014.04.10 15:20:27.363,1.08207,1.08234,1.77,1.19
2014.04.10 15:20:27.464,1.08207,1.08234,1.84,1.25
2014.04.10 15:20:27.616,1.08207,1.08234,3.34,1.25
2014.04.10 15:20:27.922,1.08209,1.08229,1.34,1.00
2014.04.10 15:20:28.075,1.0821,1.08234,1.34,1.25
2014.04.10 15:20:28.734,1.0821,1.08234,1.34,1.00
2014.04.10 15:20:29.276,1.0821,1.08234,1.34,1.00
2014.04.10 15:20:30.004,1.0821,1.08234,1.34,1.00
2014.04.10 15:20:30.824,1.0821,1.08228,1.34,1.00
2014.04.10 15:20:31.128,1.0821,1.08233,1.34,1.00
2014.04.10 15:20:31.684,1.0821,1.08238,1.34,2.07
2014.04.10 15:20:31.785,1.0821,1.08234,1.34,1.00
2014.04.10 15:20:32.880,1.0821,1.08238,1.34,1.32
2014.04.10 15:20:33.104,1.0821,1.08234,1.34,1.00
2014.04.10 15:20:33.262,1.0821,1.08238,1.34,1.32
2014.04.10 15:20:33.922,1.0821,1.08238,1.34,1.32
2014.04.10 15:20:34.357,1.0821,1.08233,1.34,1.00
2014.04.10 15:20:36.325,1.0821,1.08229,1.34,1.00
2014.04.10 15:20:36.578,1.08206,1.08234,1.84,1.19
2014.04.10 15:20:36.818,1.08212,1.08234,1.00,1.19
2014.04.10 15:20:36.972,1.08213,1.08234,1.08,1.19
2014.04.10 15:20:37.225,1.08219,1.08239,1.00,1.00
2014.04.10 15:20:37.327,1.08222,1.08238,1.00,1.00
2014.04.10 15:20:38.887,1.08224,1.08239,1.00,1.00
2014.04.10 15:20:39.070,1.08218,1.08239,1.00,1.00
2014.04.10 15:20:39.121,1.08218,1.08233,1.00,1.00
2014.04.10 15:20:39.324,1.08214,1.08233,1.10,1.00
2014.04.10 15:20:39.608,1.08214,1.08233,1.37,1.00
2014.04.10 15:20:39.659,1.08218,1.08242,1.00,1.38
2014.04.10 15:20:39.872,1.08218,1.08239,1.00,1.00
2014.04.10 15:20:49.001,1.08218,1.08239,1.19,1.00
2014.04.10 15:20:49.973,1.08218,1.08239,1.00,1.00
2014.04.10 15:20:53.984,1.08218,1.08239,1.19,1.00
2014.04.10 15:20:57.194,1.08218,1.08239,1.00,1.00
2014.04.10 15:21:03.154,1.08216,1.08228,1.19,1.00
2014.04.10 15:21:03.256,1.08216,1.08228,1.00,1.00
2014.04.10 15:21:03.388,1.08216,1.08233,1.00,1.00
2014.04.10 15:21:07.948,1.08213,1.08233,1.57,1.00
2014.04.10 15:21:07.999,1.08213,1.0823,2.07,1.00
2014.04.10 15:21:08.100,1.08213,1.08233,1.19,1.00
2014.04.10 15:21:08.353,1.08213,1.08233,1.00,1.29
2014.04.10 15:21:08.404,1.08208,1.08233,1.19,1.77
2014.04.10 15:21:08.918,1.08208,1.08233,1.19,1.27
2014.04.10 15:21:09.657,1.08208,1.08233,1.19,1.19
2014.04.10 15:21:10.180,1.08208,1.08233,1.32,1.00
2014.04.10 15:21:10.690,1.08208,1.08234,1.32,1.00
2014.04.10 15:21:11.688,1.08208,1.08234,1.25,1.25
2014.04.10 15:21:12.237,1.08208,1.08234,1.25,1.39
2014.04.10 15:21:12.787,1.08208,1.08234,1.00,1.09
2014.04.10 15:21:13.115,1.08206,1.08231,2.07,1.00
2014.04.10 15:21:13.771,1.08206,1.08231,1.13,1.00
2014.04.10 15:21:14.075,1.08206,1.0823,1.75,2.25
2014.04.10 15:21:14.378,1.08215,1.08235,1.00,1.19
2014.04.10 15:21:14.910,1.08216,1.08235,1.00,1.00
2014.04.10 15:21:18.511,1.08214,1.08235,1.00,1.00
2014.04.10 15:21:19.108,1.08214,1.08234,1.00,1.00
2014.04.10 15:21:19.661,1.08214,1.08235,1.00,1.50
2014.04.10 15:21:20.221,1.08214,1.08234,1.00,1.00
2014.04.10 15:21:25.774,1.08211,1.08234,1.19,1.08
2014.04.10 15:21:26.128,1.08215,1.08233,1.00,1.50
2014.04.10 15:21:26.331,1.08207,1.08232,1.39,1.00
2014.04.10 15:21:26.482,1.08207,1.08232,1.13,1.00
2014.04.10 15:21:26.533,1.08212,1.08235,1.00,1.10
2014.04.10 15:21:32.561,1.08212,1.08234,1.00,1.00
2014.04.10 15:21:32.612,1.08208,1.08234,1.19,1.00
2014.04.10 15:21:33.124,1.08209,1.08234,1.00,1.08
2014.04.10 15:21:33.690,1.08209,1.08232,1.00,1.69
2014.04.10 15:21:34.205,1.0821,1.08232,1.00,1.84
2014.04.10 15:21:34.308,1.0821,1.08232,1.00,1.00
2014.04.10 15:21:34.821,1.08211,1.08232,1.00,1.00
2014.04.10 15:21:35.495,1.08211,1.08232,1.00,1.20
2014.04.10 15:21:35.912,1.08211,1.08229,1.00,1.00
2014.04.10 15:21:40.086,1.08209,1.08229,1.25,1.00
2014.04.10 15:21:41.082,1.08207,1.08229,1.00,1.00
2014.04.10 15:21:41.710,1.08206,1.08229,1.25,1.18
2014.04.10 15:21:41.862,1.08206,1.0823,1.25,2.25
2014.04.10 15:21:42.576,1.08206,1.0823,1.00,1.65
2014.04.10 15:21:43.399,1.08205,1.0823,1.00,3.34
2014.04.10 15:21:44.569,1.08204,1.08229,1.00,1.77
2014.04.10 15:21:45.073,1.08205,1.0823,1.00,4.02
2014.04.10 15:21:45.528,1.08204,1.0823,1.00,4.47
2014.04.10 15:21:46.694,1.08204,1.08226,1.00,1.00
2014.04.10 15:21:54.722,1.08201,1.08226,1.13,1.20
2014.04.10 15:21:58.812,1.08201,1.08226,1.13,1.19
2014.04.10 15:21:59.900,1.08199,1.0822,1.38,1.00
2014.04.10 15:22:00.103,1.08201,1.08225,1.13,2.44
2014.04.10 15:22:00.466,1.08198,1.08221,1.40,1.00
2014.04.10 15:22:00.980,1.08198,1.0822,1.15,1.00
2014.04.10 15:22:01.031,1.08198,1.08223,1.15,1.00
2014.04.10 15:22:01.082,1.08198,1.08225,1.15,1.25
2014.04.10 15:22:01.395,1.08204,1.08225,1.00,1.25
2014.04.10 15:22:01.699,1.08209,1.08226,1.00,2.25
2014.04.10 15:22:01.750,1.08209,1.08231,1.08,3.00
2014.04.10 15:22:02.360,1.08209,1.08234,1.18,2.82
2014.04.10 15:22:02.678,1.08209,1.08228,1.37,1.00
2014.04.10 15:22:02.981,1.08204,1.08228,1.84,1.00
2014.04.10 15:22:03.032,1.08204,1.08228,1.84,1.00
2014.04.10 15:22:03.749,1.08204,1.08229,2.97,1.00
2014.04.10 15:22:03.949,1.08204,1.08229,2.97,1.00
2014.04.10 15:22:04.952,1.08204,1.08229,2.97,1.00
2014.04.10 15:22:07.875,1.08204,1.0823,2.22,2.44
2014.04.10 15:22:08.426,1.08204,1.0823,2.22,2.44
2014.04.10 15:22:09.039,1.08204,1.0823,2.59,2.44
2014.04.10 15:22:10.011,1.08204,1.0823,1.84,2.44
2014.04.10 15:22:11.261,1.08204,1.0823,1.39,1.69
2014.04.10 15:22:12.049,1.08204,1.0823,1.65,2.44
2014.04.10 15:22:13.609,1.08205,1.0823,1.00,2.44
2014.04.10 15:22:15.292,1.08205,1.0823,1.33,1.50
2014.04.10 15:22:25.770,1.08205,1.08229,1.34,1.00
2014.04.10 15:22:28.690,1.08205,1.0823,1.15,2.25
2014.04.10 15:22:31.376,1.08208,1.08228,1.00,1.00
2014.04.10 15:22:31.630,1.08208,1.0823,1.18,1.00
2014.04.10 15:22:32.086,1.08212,1.08231,1.00,1.13
2014.04.10 15:22:32.188,1.0821,1.08231,1.00,1.00
2014.04.10 15:22:32.442,1.08205,1.08231,1.29,1.13
2014.04.10 15:22:32.543,1.08205,1.08231,1.10,1.00
2014.04.10 15:22:32.695,1.08204,1.0823,1.00,1.19
2014.04.10 15:22:33.210,1.08203,1.0823,1.13,1.19
2014.04.10 15:22:33.774,1.08203,1.08232,1.13,2.07
2014.04.10 15:22:34.082,1.08203,1.08232,1.28,2.07
2014.04.10 15:22:34.471,1.08204,1.08229,1.18,1.25
2014.04.10 15:22:34.522,1.08204,1.08229,1.65,1.25
2014.04.10 15:22:34.766,1.08205,1.08231,1.10,1.88
2014.04.10 15:22:34.976,1.08207,1.08232,1.00,1.38
2014.04.10 15:22:35.492,1.08208,1.0823,1.00,1.00
2014.04.10 15:22:36.026,1.08207,1.0823,1.00,1.00
2014.04.10 15:22:36.666,1.08207,1.08229,1.00,1.00
2014.04.10 15:22:37.261,1.08207,1.0823,1.20,1.00
2014.04.10 15:22:37.593,1.08209,1.0823,1.00,1.00
2014.04.10 15:22:38.376,1.08209,1.08229,1.00,1.00
2014.04.10 15:22:40.234,1.08209,1.08232,1.00,1.19
2014.04.10 15:22:40.763,1.08209,1.08232,1.00,1.69
2014.04.10 15:22:40.814,1.08209,1.08228,1.00,1.00
2014.04.10 15:22:41.420,1.0821,1.08228,1.00,1.00
2014.04.10 15:22:41.572,1.0821,1.08235,1.28,1.69
2014.04.10 15:22:42.357,1.08214,1.08235,1.00,1.00
2014.04.10 15:22:42.560,1.08214,1.08237,1.00,1.00
2014.04.10 15:22:43.669,1.08214,1.08238,1.20,1.50
2014.04.10 15:22:48.188,1.08213,1.08234,1.55,1.00
2014.04.10 15:22:48.500,1.08213,1.08228,1.13,1.00
2014.04.10 15:22:48.652,1.08213,1.08233,1.13,1.00
2014.04.10 15:22:48.854,1.08213,1.08238,1.13,1.69
2014.04.10 15:22:49.400,1.08212,1.08238,2.03,1.69
2014.04.10 15:22:49.921,1.08212,1.08236,2.03,1.00
2014.04.10 15:22:50.231,1.08212,1.08238,2.03,1.00
2014.04.10 15:22:50.650,1.08215,1.08238,1.00,1.00
2014.04.10 15:22:51.163,1.08215,1.08238,1.55,1.00
2014.04.10 15:22:51.628,1.08215,1.08242,1.09,1.69
2014.04.10 15:22:52.138,1.08217,1.08242,1.00,1.88
2014.04.10 15:22:52.442,1.08219,1.08241,1.00,1.13
2014.04.10 15:22:52.958,1.08219,1.08241,1.00,1.19
2014.04.10 15:22:53.790,1.08219,1.08241,1.00,1.19
2014.04.10 15:22:57.787,1.08219,1.08242,1.00,1.69
2014.04.10 15:23:00.804,1.08219,1.08241,1.00,1.19
2014.04.10 15:23:02.773,1.08219,1.08242,1.00,1.19
2014.04.10 15:23:02.874,1.08221,1.08242,1.00,1.69
2014.04.10 15:23:03.407,1.0822,1.08242,1.00,1.50
2014.04.10 15:23:03.714,1.08222,1.0824,1.00,1.00
2014.04.10 15:23:04.180,1.08219,1.08239,1.29,1.00
2014.04.10 15:23:04.341,1.08219,1.08244,1.19,1.00
2014.04.10 15:23:04.860,1.08219,1.08244,1.00,1.00
2014.04.10 15:23:09.886,1.08214,1.08244,1.34,1.69
2014.04.10 15:23:10.738,1.08214,1.08244,1.37,1.50
2014.04.10 15:23:11.516,1.08214,1.08242,1.37,1.00
2014.04.10 15:23:11.868,1.08214,1.08242,1.37,1.00
2014.04.10 15:23:14.372,1.08213,1.08238,1.47,1.00
2014.04.10 15:23:14.676,1.08213,1.08228,1.39,1.00
2014.04.10 15:23:14.778,1.08211,1.08228,1.69,1.00
2014.04.10 15:23:14.980,1.08211,1.08228,1.32,1.00
2014.04.10 15:23:17.282,1.08208,1.08228,4.09,1.00
2014.04.10 15:23:18.288,1.08209,1.08228,3.34,1.00
2014.04.10 15:23:21.054,1.08209,1.08234,1.09,1.00
2014.04.10 15:23:21.206,1.08213,1.08234,1.32,1.00
2014.04.10 15:23:22.205,1.08214,1.08234,1.69,1.00
2014.04.10 15:23:22.509,1.0822,1.08237,1.00,1.00
2014.04.10 15:23:23.030,1.08217,1.08237,1.19,1.00
2014.04.10 15:23:23.142,1.08217,1.08237,1.00,1.00
2014.04.10 15:23:23.668,1.08214,1.08237,1.19,1.00
2014.04.10 15:23:24.225,1.08215,1.08238,1.19,1.50
2014.04.10 15:23:25.221,1.08217,1.08238,1.29,1.00
2014.04.10 15:23:25.388,1.0822,1.08238,1.00,1.00
2014.04.10 15:23:25.692,1.08222,1.08242,1.54,1.88
2014.04.10 15:23:26.394,1.08224,1.08242,1.35,1.13
2014.04.10 15:23:26.922,1.08224,1.08242,1.35,1.38
2014.04.10 15:23:27.437,1.08224,1.08242,1.35,1.13
2014.04.10 15:23:27.992,1.08224,1.08242,1.35,1.38
2014.04.10 15:23:29.106,1.08224,1.08242,1.35,1.13
2014.04.10 15:23:29.695,1.08224,1.08242,1.35,1.38
2014.04.10 15:23:30.213,1.08225,1.08242,2.10,1.38
2014.04.10 15:23:30.719,1.08225,1.08242,2.10,1.13
2014.04.10 15:23:31.432,1.08225,1.08242,2.10,1.38
2014.04.10 15:23:31.976,1.08225,1.08242,2.29,1.13
2014.04.10 15:23:32.585,1.08225,1.08242,2.29,1.38
2014.04.10 15:23:33.105,1.08225,1.08242,2.29,1.13
2014.04.10 15:23:33.656,1.08225,1.08242,2.29,1.38
2014.04.10 15:23:34.178,1.08225,1.08242,2.10,1.13
2014.04.10 15:23:34.993,1.08225,1.08242,2.29,1.38
2014.04.10 15:23:36.017,1.08225,1.08242,2.29,1.13
2014.04.10 15:23:36.627,1.08225,1.08242,2.29,1.38
2014.04.10 15:23:37.478,1.08225,1.08242,2.29,1.00
2014.04.10 15:23:37.731,1.08225,1.08244,2.29,1.00
2014.04.10 15:23:37.832,1.08225,1.08246,2.29,3.57
2014.04.10 15:23:39.330,1.08225,1.08246,2.29,1.00
2014.04.10 15:23:40.308,1.08225,1.08246,2.29,1.00
2014.04.10 15:23:40.969,1.08225,1.08246,2.29,1.38
2014.04.10 15:23:41.350,1.08225,1.08238,2.29,1.00
2014.04.10 15:23:41.552,1.08222,1.08238,1.10,1.00
2014.04.10 15:23:41.603,1.0822,1.08238,1.25,1.00
2014.04.10 15:23:41.819,1.08217,1.08238,1.25,1.25
2014.04.10 15:23:42.652,1.08217,1.08238,1.19,1.00
2014.04.10 15:23:44.733,1.08217,1.08238,1.19,1.00
2014.04.10 15:23:46.846,1.08217,1.08239,1.19,1.25
2014.04.10 15:23:47.758,1.08218,1.08241,1.19,1.00
2014.04.10 15:23:48.508,1.08219,1.08241,1.34,1.00
2014.04.10 15:23:48.841,1.0822,1.08241,1.34,1.00
2014.04.10 15:23:49.397,1.08221,1.08238,1.29,1.00
2014.04.10 15:23:49.448,1.08221,1.08238,1.19,1.00
2014.04.10 15:23:50.937,1.08223,1.08238,1.35,1.00
2014.04.10 15:23:51.089,1.08223,1.08238,1.54,1.00
2014.04.10 15:23:51.962,1.08219,1.08238,1.54,1.00
2014.04.10 15:23:53.250,1.08219,1.08241,1.54,1.13
2014.04.10 15:23:54.798,1.08219,1.08239,1.54,1.00
2014.04.10 15:23:55.105,1.08223,1.08243,1.25,1.38
2014.04.10 15:23:55.409,1.08231,1.08246,1.00,3.57
2014.04.10 15:23:55.990,1.08231,1.08247,1.00,1.88
2014.04.10 15:23:57.190,1.08225,1.08247,1.19,1.88
2014.04.10 15:23:57.711,1.08221,1.08246,1.19,2.63
2014.04.10 15:23:58.091,1.08221,1.08246,1.19,1.00
2014.04.10 15:23:58.192,1.08219,1.08247,1.69,1.95
2014.04.10 15:23:59.171,1.08219,1.08247,1.69,1.95
2014.04.10 15:23:59.780,1.08219,1.08246,1.69,1.88
2014.04.10 15:24:00.079,1.08219,1.08247,1.19,2.14
2014.04.10 15:24:00.384,1.08218,1.08238,1.32,1.00
2014.04.10 15:24:00.903,1.08218,1.08238,1.57,1.38
2014.04.10 15:24:01.419,1.08218,1.08241,1.57,1.95
2014.04.10 15:24:02.199,1.08218,1.08242,1.19,2.70
2014.04.10 15:24:02.821,1.08218,1.08241,1.54,1.88
2014.04.10 15:24:03.333,1.08217,1.08242,3.04,1.88
2014.04.10 15:24:03.485,1.08217,1.08242,3.04,1.88
2014.04.10 15:24:05.535,1.08217,1.08241,3.04,1.88
2014.04.10 15:24:05.788,1.08217,1.08242,1.19,1.88
2014.04.10 15:24:06.176,1.08215,1.08238,2.82,1.00
