2016.12.20 20:00:00.464,1.04872,1.04893,1.00,1.00
2016.12.20 20:00:00.515,1.04872,1.04895,1.00,1.00
2016.12.20 20:00:00.667,1.04873,1.04894,1.00,1.37
2016.12.20 20:00:00.718,1.04871,1.04896,1.50,1.75
2016.12.20 20:00:00.870,1.0487,1.04897,2.25,1.00
2016.12.20 20:00:00.921,1.0487,1.04895,3.37,1.00
2016.12.20 20:00:01.224,1.04872,1.04897,1.00,1.00
2016.12.20 20:00:01.530,1.04872,1.04894,1.00,1.00
2016.12.20 20:00:01.833,1.0487,1.04891,1.00,1.00
2016.12.20 20:00:01.917,1.04866,1.0489,1.00,1.00
2016.12.20 20:00:02.220,1.04865,1.04888,1.00,1.00
2016.12.20 20:00:02.271,1.04865,1.0489,1.50,1.00
2016.12.20 20:00:02.372,1.04862,1.0489,1.50,1.50
2016.12.20 20:00:02.473,1.04859,1.04888,1.00,1.75
2016.12.20 20:00:02.877,1.04859,1.04888,1.87,1.00
2016.12.20 20:00:03.406,1.04859,1.04887,2.25,1.00
2016.12.20 20:00:05.447,1.04861,1.04889,1.50,1.50
2016.12.20 20:00:05.966,1.04863,1.04889,1.50,1.00
2016.12.20 20:00:06.168,1.04861,1.04888,1.37,1.00
2016.12.20 20:00:06.742,1.0486,1.04889,2.25,1.00
2016.12.20 20:00:08.615,1.04861,1.0489,1.37,1.87
2016.12.20 20:00:08.683,1.04861,1.0489,1.75,1.87
2016.12.20 20:00:09.274,1.04861,1.0489,1.50,1.87
2016.12.20 20:00:09.763,1.04861,1.0489,1.75,1.87
2016.12.20 20:00:10.144,1.04858,1.04885,1.12,1.37
2016.12.20 20:00:10.195,1.04857,1.04886,1.37,1.87
2016.12.20 20:00:10.246,1.04853,1.04883,1.87,1.00
2016.12.20 20:00:10.297,1.04853,1.04884,1.00,1.50
2016.12.20 20:00:10.348,1.04853,1.0488,1.50,1.00
2016.12.20 20:00:10.653,1.04857,1.04885,1.37,1.00
2016.12.20 20:00:10.856,1.04854,1.04882,1.50,1.00
2016.12.20 20:00:11.464,1.04851,1.04881,2.25,1.00
2016.12.20 20:00:11.515,1.04851,1.04881,1.87,1.00
2016.12.20 20:00:11.979,1.04855,1.04882,1.12,1.00
2016.12.20 20:00:12.283,1.04861,1.04888,1.37,1.00
2016.12.20 20:00:12.928,1.04862,1.04889,1.12,1.00
2016.12.20 20:00:13.200,1.0486,1.04891,3.37,1.50
2016.12.20 20:00:13.503,1.04864,1.04891,1.37,1.50
2016.12.20 20:00:13.715,1.04863,1.04891,1.37,1.00
2016.12.20 20:00:14.142,1.04864,1.04893,1.00,1.00
2016.12.20 20:00:14.414,1.04866,1.04893,1.00,1.00
2016.12.20 20:00:15.547,1.04866,1.04893,1.37,1.00
2016.12.20 20:00:16.531,1.04866,1.04894,1.37,1.00
2016.12.20 20:00:17.303,1.04866,1.04895,1.37,1.00
2016.12.20 20:00:17.869,1.04866,1.04896,1.37,1.87
2016.12.20 20:00:19.026,1.04869,1.04896,1.00,1.87
2016.12.20 20:00:19.127,1.04865,1.04896,3.37,1.12
2016.12.20 20:00:21.816,1.04866,1.04896,1.12,1.12
2016.12.20 20:00:32.314,1.04875,1.04897,1.00,1.50
2016.12.20 20:00:32.365,1.04871,1.04897,1.42,1.50
2016.12.20 20:00:32.466,1.04873,1.04899,1.00,1.00
2016.12.20 20:00:33.033,1.04871,1.04897,1.50,1.00
2016.12.20 20:00:33.084,1.04871,1.04898,1.12,1.00
2016.12.20 20:00:33.646,1.04871,1.04897,1.00,1.00
2016.12.20 20:00:40.156,1.04871,1.04896,1.00,1.00
2016.12.20 20:00:40.856,1.04867,1.04896,3.22,1.00
2016.12.20 20:00:44.511,1.04867,1.04892,2.62,1.00
2016.12.20 20:00:47.653,1.04867,1.04894,2.25,1.00
2016.12.20 20:00:51.609,1.04867,1.04895,1.12,1.00
2016.12.20 20:00:51.982,1.0487,1.04895,1.37,1.00
2016.12.20 20:00:52.133,1.0487,1.04897,1.87,1.00
2016.12.20 20:00:52.436,1.0487,1.04895,1.87,1.00
2016.12.20 20:00:53.062,1.0487,1.04894,1.37,1.00
2016.12.20 20:00:55.370,1.0487,1.04895,1.37,1.50
2016.12.20 20:00:56.891,1.04869,1.04895,1.00,1.50
2016.12.20 20:01:00.167,1.04869,1.04894,1.00,1.00
2016.12.20 20:01:00.711,1.04868,1.04894,1.00,1.00
2016.12.20 20:01:01.239,1.04867,1.04894,1.12,1.00
2016.12.20 20:01:01.757,1.04866,1.04893,3.37,1.00
2016.12.20 20:01:04.160,1.04867,1.04895,1.12,1.50
2016.12.20 20:01:05.186,1.04867,1.04893,1.12,1.00
2016.12.20 20:01:05.722,1.04867,1.04893,1.50,1.00
2016.12.20 20:01:06.326,1.04867,1.04895,1.50,1.00
2016.12.20 20:01:06.881,1.04867,1.04895,3.00,1.00
2016.12.20 20:01:07.452,1.04868,1.04895,1.12,1.00
2016.12.20 20:01:07.742,1.0487,1.04895,1.00,1.00
2016.12.20 20:01:07.858,1.04868,1.04895,1.12,1.00
2016.12.20 20:01:08.776,1.04868,1.04894,1.00,1.00
2016.12.20 20:01:09.292,1.04867,1.04894,1.50,1.00
2016.12.20 20:01:10.539,1.04867,1.04895,2.62,1.00
2016.12.20 20:01:10.818,1.04867,1.04893,2.62,1.00
2016.12.20 20:01:11.502,1.04867,1.04894,2.62,1.00
2016.12.20 20:01:12.793,1.04869,1.04894,1.00,1.00
2016.12.20 20:01:12.844,1.04867,1.04894,3.37,1.00
2016.12.20 20:01:13.584,1.04869,1.04894,1.00,1.00
2016.12.20 20:01:14.278,1.04867,1.04894,1.12,1.00
2016.12.20 20:01:15.185,1.04869,1.04894,1.00,1.00
2016.12.20 20:01:15.795,1.04869,1.04893,1.00,1.00
2016.12.20 20:01:16.631,1.04868,1.04893,1.00,1.00
2016.12.20 20:01:17.157,1.04868,1.04894,1.00,1.00
2016.12.20 20:01:17.679,1.04867,1.04894,1.12,1.00
2016.12.20 20:01:18.408,1.04868,1.04894,1.00,1.00
2016.12.20 20:01:18.911,1.04867,1.04893,1.12,1.00
2016.12.20 20:01:19.426,1.04867,1.04894,1.12,1.50
2016.12.20 20:01:20.754,1.04868,1.04894,1.00,1.50
2016.12.20 20:01:21.711,1.04869,1.04895,1.00,1.00
2016.12.20 20:01:22.399,1.04869,1.04894,1.00,1.00
2016.12.20 20:01:23.115,1.04869,1.04895,1.00,1.00
2016.12.20 20:01:23.502,1.04869,1.04893,1.00,1.00
2016.12.20 20:01:29.677,1.04869,1.04894,1.00,1.00
2016.12.20 20:01:31.500,1.04868,1.04894,1.00,1.00
2016.12.20 20:01:34.113,1.04868,1.04893,1.00,1.00
2016.12.20 20:01:34.615,1.04866,1.04893,2.25,1.00
2016.12.20 20:01:35.143,1.04866,1.04894,2.25,1.50
2016.12.20 20:01:35.686,1.04868,1.04893,1.00,1.00
2016.12.20 20:01:36.264,1.04866,1.04892,1.87,1.00
2016.12.20 20:01:41.269,1.04866,1.04893,1.87,1.00
2016.12.20 20:01:41.836,1.04869,1.04893,1.00,1.00
2016.12.20 20:01:43.137,1.04866,1.04892,1.37,1.00
2016.12.20 20:01:43.717,1.04866,1.04892,1.00,1.00
2016.12.20 20:02:00.673,1.04866,1.04893,1.00,1.00
2016.12.20 20:02:01.183,1.04866,1.04892,1.00,1.00
2016.12.20 20:02:02.113,1.04865,1.04892,1.00,1.50
2016.12.20 20:02:02.645,1.04865,1.04891,1.50,1.00
2016.12.20 20:02:03.913,1.04867,1.04891,1.00,1.00
2016.12.20 20:02:04.314,1.04865,1.04891,2.25,1.00
2016.12.20 20:02:16.904,1.04865,1.04891,2.25,1.00
2016.12.20 20:02:18.775,1.04865,1.0489,2.25,1.00
2016.12.20 20:02:36.844,1.04865,1.0489,1.12,1.00
2016.12.20 20:02:38.654,1.04865,1.0489,1.37,1.00
2016.12.20 20:02:43.472,1.04865,1.04891,1.37,1.00
2016.12.20 20:02:56.853,1.04866,1.0489,1.12,1.00
2016.12.20 20:02:57.416,1.04866,1.04891,1.12,1.00
2016.12.20 20:02:57.949,1.04866,1.0489,1.12,1.00
2016.12.20 20:02:58.101,1.04864,1.04888,1.87,1.00
2016.12.20 20:02:58.354,1.04859,1.04883,1.00,1.00
2016.12.20 20:02:59.017,1.04859,1.04882,1.00,1.00
2016.12.20 20:02:59.637,1.04859,1.04883,1.00,1.50
2016.12.20 20:03:04.743,1.04855,1.04883,2.62,1.50
2016.12.20 20:03:05.342,1.04855,1.04882,1.87,1.00
2016.12.20 20:03:13.513,1.04855,1.04883,2.62,1.50
2016.12.20 20:03:19.123,1.04859,1.04886,1.00,2.25
2016.12.20 20:03:19.425,1.04863,1.04888,1.50,1.00
2016.12.20 20:03:19.976,1.04863,1.04886,1.50,1.00
2016.12.20 20:03:23.830,1.04862,1.04886,1.37,1.00
2016.12.20 20:03:24.461,1.04862,1.04887,1.87,1.00
2016.12.20 20:03:26.950,1.04862,1.04887,3.00,1.00
2016.12.20 20:03:31.163,1.04862,1.0489,2.62,2.25
2016.12.20 20:03:31.315,1.04865,1.04892,3.75,1.00
2016.12.20 20:03:31.366,1.04868,1.04891,1.50,1.00
2016.12.20 20:03:31.888,1.04868,1.0489,1.00,1.00
2016.12.20 20:03:32.114,1.04868,1.04892,1.00,1.00
2016.12.20 20:03:43.839,1.04868,1.04893,1.00,1.00
2016.12.20 20:03:44.340,1.04868,1.04893,2.25,1.00
2016.12.20 20:03:45.013,1.04868,1.04894,2.25,1.00
2016.12.20 20:03:46.374,1.04868,1.04892,2.25,1.00
2016.12.20 20:03:52.785,1.04868,1.04891,1.50,1.00
2016.12.20 20:03:57.501,1.04868,1.04892,1.87,1.00
2016.12.20 20:04:06.610,1.04868,1.04892,1.50,1.00
2016.12.20 20:04:09.319,1.0487,1.04895,1.00,1.00
2016.12.20 20:04:09.420,1.04871,1.04897,1.50,1.00
2016.12.20 20:04:09.471,1.04873,1.04897,1.00,1.00
2016.12.20 20:04:09.773,1.04877,1.049,1.50,1.00
2016.12.20 20:04:10.076,1.04877,1.04898,1.50,1.00
2016.12.20 20:04:17.387,1.04877,1.049,1.50,1.00
2016.12.20 20:04:26.655,1.04876,1.049,2.25,1.00
2016.12.20 20:04:28.115,1.04874,1.04897,2.25,1.00
2016.12.20 20:04:28.267,1.04871,1.04895,1.00,1.00
2016.12.20 20:04:28.318,1.04867,1.04892,1.12,1.50
2016.12.20 20:04:28.368,1.04865,1.04892,2.25,1.50
2016.12.20 20:04:28.713,1.04865,1.0489,1.50,1.00
2016.12.20 20:04:38.184,1.04865,1.04889,1.00,1.00
2016.12.20 20:04:38.235,1.04863,1.04889,1.00,1.00
2016.12.20 20:04:39.298,1.04862,1.04889,1.12,1.00
2016.12.20 20:04:39.524,1.04859,1.04886,4.12,1.00
2016.12.20 20:04:39.574,1.04859,1.04886,2.62,1.00
2016.12.20 20:04:39.726,1.04859,1.04884,1.50,1.00
2016.12.20 20:04:40.267,1.0486,1.04885,1.00,1.00
2016.12.20 20:04:40.584,1.04857,1.04884,1.12,1.00
2016.12.20 20:04:40.905,1.04856,1.04881,1.00,1.00
2016.12.20 20:04:41.414,1.04856,1.04882,1.00,1.00
2016.12.20 20:04:41.948,1.04855,1.04882,2.25,1.50
2016.12.20 20:04:43.254,1.04855,1.04881,1.00,1.00
2016.12.20 20:04:44.688,1.04853,1.0488,1.12,1.00
2016.12.20 20:04:44.913,1.04853,1.04877,1.00,1.00
2016.12.20 20:04:44.964,1.04853,1.04879,1.00,1.00
2016.12.20 20:04:45.550,1.04854,1.04879,1.00,1.00
2016.12.20 20:04:46.063,1.04853,1.04878,1.00,1.00
2016.12.20 20:04:48.617,1.04853,1.04876,1.00,1.00
2016.12.20 20:04:48.668,1.04853,1.04878,1.00,1.00
2016.12.20 20:04:50.883,1.04854,1.04881,1.50,1.00
2016.12.20 20:04:51.521,1.04855,1.0488,1.37,1.00
2016.12.20 20:04:51.788,1.04853,1.0488,1.87,1.50
2016.12.20 20:04:52.007,1.04853,1.04878,1.00,1.00
2016.12.20 20:04:52.108,1.04851,1.04879,1.00,1.50
2016.12.20 20:04:52.635,1.04851,1.04878,1.00,1.00
2016.12.20 20:04:54.124,1.04851,1.04878,1.75,1.00
2016.12.20 20:04:58.054,1.04854,1.04877,1.12,1.00
2016.12.20 20:04:58.306,1.04853,1.0488,2.25,1.50
2016.12.20 20:04:58.458,1.04851,1.04878,1.75,1.00
2016.12.20 20:04:58.730,1.04849,1.04874,1.12,1.00
2016.12.20 20:05:00.505,1.04849,1.04876,1.12,1.50
2016.12.20 20:05:03.390,1.04848,1.04874,1.87,1.00
2016.12.20 20:05:03.441,1.04849,1.04876,1.12,1.50
2016.12.20 20:05:03.579,1.04847,1.04874,2.25,1.00
2016.12.20 20:05:04.086,1.04848,1.04875,1.00,1.00
2016.12.20 20:05:04.416,1.04851,1.04877,1.00,1.00
2016.12.20 20:05:05.010,1.04851,1.04876,1.00,1.00
2016.12.20 20:05:05.741,1.0485,1.04876,1.12,1.00
2016.12.20 20:05:06.397,1.0485,1.04877,1.12,1.50
2016.12.20 20:05:09.239,1.0485,1.04875,1.12,1.00
2016.12.20 20:05:09.822,1.04851,1.04875,1.00,1.00
2016.12.20 20:05:10.636,1.04852,1.04876,1.00,1.50
2016.12.20 20:05:11.116,1.04849,1.04876,1.87,1.50
2016.12.20 20:05:11.909,1.04851,1.04876,1.00,1.50
2016.12.20 20:05:12.470,1.04851,1.04877,1.00,1.50
2016.12.20 20:05:15.968,1.04851,1.04876,1.00,1.00
2016.12.20 20:05:22.152,1.04849,1.04876,1.37,1.50
2016.12.20 20:05:24.887,1.04847,1.04874,2.25,1.00
2016.12.20 20:05:24.938,1.04847,1.04872,1.00,1.00
2016.12.20 20:05:25.039,1.04843,1.0487,1.12,1.00
2016.12.20 20:05:25.291,1.04842,1.04868,1.00,1.00
2016.12.20 20:05:27.435,1.04842,1.04869,1.50,1.00
2016.12.20 20:05:27.486,1.04842,1.04871,1.50,1.50
2016.12.20 20:05:30.086,1.04842,1.04869,1.50,1.00
2016.12.20 20:05:33.129,1.04843,1.04869,1.00,1.00
2016.12.20 20:05:33.363,1.04843,1.04871,1.00,1.50
2016.12.20 20:05:35.040,1.04842,1.04871,3.00,1.50
2016.12.20 20:05:35.651,1.04843,1.04871,1.00,1.50
2016.12.20 20:05:36.319,1.04843,1.0487,1.00,1.00
2016.12.20 20:05:37.102,1.04846,1.04871,1.00,1.00
2016.12.20 20:05:37.203,1.04847,1.04874,1.00,2.25
2016.12.20 20:05:37.355,1.04844,1.04872,2.25,1.00
2016.12.20 20:05:37.885,1.04845,1.0487,1.00,1.00
2016.12.20 20:05:38.700,1.04845,1.04873,1.00,1.00
2016.12.20 20:05:38.751,1.04848,1.04874,1.37,1.00
2016.12.20 20:05:38.802,1.04848,1.04876,1.87,1.00
2016.12.20 20:05:38.903,1.04848,1.04878,1.87,2.25
2016.12.20 20:05:39.004,1.04851,1.04876,1.00,1.00
2016.12.20 20:05:39.691,1.04852,1.04876,1.00,1.50
2016.12.20 20:05:44.376,1.04852,1.04874,1.00,1.00
2016.12.20 20:05:44.427,1.04852,1.04876,1.00,1.00
2016.12.20 20:05:46.226,1.04852,1.04875,1.00,1.00
2016.12.20 20:05:46.755,1.04851,1.04876,1.00,1.50
2016.12.20 20:05:46.856,1.04851,1.04874,1.00,1.00
2016.12.20 20:05:46.907,1.04851,1.04877,1.00,1.00
2016.12.20 20:05:47.008,1.04848,1.04877,2.25,1.50
2016.12.20 20:05:47.160,1.04853,1.04876,1.00,1.00
2016.12.20 20:05:47.604,1.04851,1.04876,1.00,1.00
2016.12.20 20:05:47.861,1.04848,1.04876,2.25,1.00
2016.12.20 20:05:48.419,1.04849,1.04877,1.00,1.50
2016.12.20 20:05:51.591,1.04849,1.04875,1.00,1.00
2016.12.20 20:05:51.642,1.04849,1.04877,1.00,1.50
2016.12.20 20:05:52.249,1.04849,1.04876,1.00,1.00
2016.12.20 20:05:53.479,1.04849,1.04875,1.00,1.00
2016.12.20 20:05:54.044,1.04848,1.04875,3.75,1.00
2016.12.20 20:05:54.608,1.04849,1.04875,1.00,1.00
2016.12.20 20:05:57.163,1.04848,1.04875,1.50,1.00
2016.12.20 20:05:57.314,1.04848,1.04873,1.50,1.00
2016.12.20 20:06:00.194,1.04848,1.04875,1.50,1.00
2016.12.20 20:06:05.092,1.04848,1.04873,1.50,1.00
2016.12.20 20:06:05.395,1.04846,1.0487,1.00,1.00
2016.12.20 20:06:05.905,1.04846,1.04871,1.00,1.00
2016.12.20 20:06:06.208,1.04846,1.04873,1.00,1.00
2016.12.20 20:06:06.514,1.0485,1.04873,1.00,1.00
2016.12.20 20:06:07.505,1.0485,1.04872,1.00,1.00
2016.12.20 20:06:08.015,1.04848,1.04872,1.00,1.00
2016.12.20 20:06:12.515,1.04849,1.04872,1.00,1.00
2016.12.20 20:06:13.106,1.04849,1.04873,1.00,1.50
2016.12.20 20:06:13.812,1.04848,1.04873,1.00,1.50
2016.12.20 20:06:16.314,1.04848,1.04872,1.00,1.00
2016.12.20 20:06:16.365,1.0485,1.04872,1.00,1.00
2016.12.20 20:06:16.750,1.04848,1.04872,1.00,1.00
2016.12.20 20:06:17.263,1.04851,1.04873,1.00,1.00
2016.12.20 20:06:17.915,1.0485,1.04873,1.00,1.00
2016.12.20 20:06:18.723,1.04848,1.04873,1.50,1.00
2016.12.20 20:06:18.946,1.0485,1.04875,1.00,2.25
2016.12.20 20:06:19.249,1.0485,1.04873,1.00,1.00
2016.12.20 20:06:19.501,1.04846,1.04871,1.00,1.00
2016.12.20 20:06:20.058,1.04846,1.0487,1.00,1.00
2016.12.20 20:06:21.476,1.04844,1.0487,1.00,1.00
2016.12.20 20:06:23.952,1.04844,1.04869,1.00,1.00
2016.12.20 20:06:24.483,1.04845,1.04869,1.00,1.00
2016.12.20 20:06:25.093,1.04843,1.04869,1.12,1.00
2016.12.20 20:06:27.309,1.04845,1.04869,1.00,1.00
2016.12.20 20:06:28.095,1.04842,1.04869,1.50,1.00
2016.12.20 20:06:29.921,1.04842,1.0487,1.50,1.50
2016.12.20 20:06:30.685,1.04842,1.04869,1.50,1.00
2016.12.20 20:06:31.638,1.04842,1.04868,1.50,1.00
2016.12.20 20:06:32.432,1.04842,1.04867,2.25,1.00
2016.12.20 20:06:33.039,1.04842,1.04868,1.00,1.00
2016.12.20 20:06:33.582,1.04842,1.04869,1.00,1.00
2016.12.20 20:06:34.134,1.04842,1.04871,1.50,1.12
2016.12.20 20:06:34.185,1.04842,1.04871,3.00,1.12
2016.12.20 20:06:34.498,1.04847,1.04871,1.00,1.00
2016.12.20 20:06:35.410,1.04844,1.04871,1.50,1.00
2016.12.20 20:06:35.931,1.04844,1.04872,1.50,1.50
2016.12.20 20:06:36.259,1.04847,1.04872,1.00,1.50
2016.12.20 20:06:36.499,1.04844,1.04872,1.50,1.50
2016.12.20 20:06:36.550,1.04847,1.04871,1.00,1.00
2016.12.20 20:06:36.651,1.04845,1.0487,1.00,1.00
2016.12.20 20:06:36.752,1.04845,1.04871,1.50,1.00
2016.12.20 20:06:36.803,1.04845,1.04874,1.50,1.87
2016.12.20 20:06:37.310,1.04846,1.04874,1.37,1.50
2016.12.20 20:06:38.244,1.04848,1.04874,1.00,1.50
2016.12.20 20:06:38.296,1.0485,1.04874,1.00,1.00
2016.12.20 20:06:38.348,1.0485,1.04876,1.00,1.50
2016.12.20 20:06:38.982,1.0485,1.04875,1.00,1.00
2016.12.20 20:06:39.511,1.04851,1.04875,1.00,1.00
2016.12.20 20:06:39.562,1.04848,1.04876,1.50,1.50
2016.12.20 20:06:39.613,1.04848,1.04874,1.50,1.00
2016.12.20 20:06:40.125,1.04848,1.04875,1.50,1.00
2016.12.20 20:06:44.180,1.04848,1.04876,2.25,1.50
2016.12.20 20:06:44.923,1.0485,1.04876,1.00,1.00
2016.12.20 20:06:46.503,1.0485,1.04876,1.37,1.00
2016.12.20 20:06:55.476,1.0485,1.04877,1.87,1.00
2016.12.20 20:06:56.733,1.0485,1.04878,1.37,1.00
2016.12.20 20:06:57.059,1.04854,1.04881,1.00,1.00
2016.12.20 20:06:57.401,1.04855,1.04879,1.50,1.00
2016.12.20 20:06:59.037,1.04857,1.04879,1.00,1.00
2016.12.20 20:06:59.999,1.04858,1.04879,1.00,1.00
2016.12.20 20:07:00.597,1.04857,1.04879,1.00,1.00
2016.12.20 20:07:01.200,1.04858,1.04879,1.00,1.00
2016.12.20 20:07:01.729,1.04857,1.04879,1.00,1.00
2016.12.20 20:07:05.222,1.04854,1.04879,2.62,1.00
2016.12.20 20:07:05.772,1.04855,1.04879,1.00,1.00
2016.12.20 20:07:06.631,1.04856,1.04879,1.00,1.00
2016.12.20 20:07:07.266,1.04855,1.04879,1.00,1.00
2016.12.20 20:07:10.240,1.04855,1.0488,1.00,1.00
2016.12.20 20:07:10.899,1.04855,1.04879,1.00,1.00
2016.12.20 20:07:13.806,1.04856,1.04879,1.00,1.00
2016.12.20 20:07:14.795,1.04855,1.04879,1.00,1.00
2016.12.20 20:07:22.947,1.04855,1.04874,1.00,1.00
2016.12.20 20:07:23.150,1.04847,1.04872,1.87,1.00
2016.12.20 20:07:23.693,1.04849,1.04871,1.12,1.00
2016.12.20 20:07:24.257,1.0485,1.04871,1.00,1.00
2016.12.20 20:07:24.719,1.0485,1.04874,1.00,1.00
2016.12.20 20:07:28.513,1.0485,1.04871,1.00,1.00
2016.12.20 20:07:28.665,1.04843,1.04867,1.12,1.00
2016.12.20 20:07:28.715,1.04842,1.04861,1.00,1.00
2016.12.20 20:07:29.253,1.04839,1.0486,1.00,1.00
2016.12.20 20:07:43.582,1.04839,1.04862,1.00,1.00
2016.12.20 20:07:51.899,1.0484,1.04862,1.00,1.00
2016.12.20 20:07:53.459,1.04838,1.04862,1.00,1.00
2016.12.20 20:07:55.438,1.04836,1.04862,1.00,1.00
2016.12.20 20:07:57.018,1.04837,1.04862,1.00,1.00
2016.12.20 20:07:58.923,1.04835,1.04862,1.00,1.00
2016.12.20 20:07:59.075,1.04833,1.04861,2.25,1.12
2016.12.20 20:07:59.670,1.04834,1.04863,1.00,1.75
2016.12.20 20:08:00.537,1.04833,1.04862,1.50,1.50
2016.12.20 20:08:00.588,1.04835,1.04863,1.00,2.25
2016.12.20 20:08:01.147,1.04837,1.04863,1.00,2.25
2016.12.20 20:08:03.516,1.04835,1.04863,1.00,2.25
2016.12.20 20:08:04.579,1.04834,1.04863,1.00,2.25
2016.12.20 20:08:05.412,1.04837,1.04864,1.00,1.75
2016.12.20 20:08:05.463,1.04837,1.04865,1.50,1.00
2016.12.20 20:08:05.572,1.0484,1.04867,1.50,1.00
2016.12.20 20:08:05.875,1.04841,1.04868,3.00,1.00
2016.12.20 20:08:06.212,1.0484,1.04866,1.50,1.00
2016.12.20 20:08:06.515,1.04837,1.04863,1.42,1.00
2016.12.20 20:08:06.667,1.04836,1.04863,1.87,1.00
2016.12.20 20:08:06.819,1.04836,1.04861,1.12,1.00
2016.12.20 20:08:07.135,1.04836,1.04863,1.12,1.50
2016.12.20 20:08:08.095,1.04837,1.04863,1.00,1.50
2016.12.20 20:08:08.634,1.04838,1.04863,1.00,1.50
2016.12.20 20:08:08.714,1.04835,1.04863,3.00,1.50
2016.12.20 20:08:26.030,1.04837,1.04863,1.00,1.00
2016.12.20 20:08:26.552,1.04836,1.04863,1.12,1.00
2016.12.20 20:08:28.318,1.04834,1.04864,1.50,1.00
2016.12.20 20:08:28.992,1.04834,1.04862,1.50,1.00
2016.12.20 20:08:29.417,1.04837,1.04862,1.00,1.00
2016.12.20 20:08:29.997,1.04837,1.04863,1.00,1.50
2016.12.20 20:08:30.369,1.04834,1.04862,1.50,1.00
2016.12.20 20:08:30.880,1.04834,1.04863,1.50,1.00
2016.12.20 20:08:31.381,1.04834,1.04862,1.50,1.00
2016.12.20 20:08:32.148,1.04834,1.04863,1.50,1.50
2016.12.20 20:08:46.118,1.04834,1.04862,2.25,1.00
2016.12.20 20:08:46.420,1.04835,1.0486,1.00,1.00
2016.12.20 20:08:46.522,1.04834,1.04862,1.12,1.50
2016.12.20 20:08:47.288,1.04835,1.04862,1.00,1.00
2016.12.20 20:08:47.816,1.04834,1.04861,1.50,1.00
2016.12.20 20:08:48.640,1.04834,1.04862,1.50,1.00
2016.12.20 20:08:49.711,1.04835,1.04862,1.00,1.00
2016.12.20 20:08:49.846,1.04835,1.04864,1.05,1.00
2016.12.20 20:08:49.898,1.04835,1.04866,1.37,2.25
2016.12.20 20:08:49.989,1.04842,1.04865,1.00,1.50
2016.12.20 20:08:50.522,1.04839,1.04864,1.00,1.00
2016.12.20 20:08:50.732,1.04835,1.04863,1.37,1.00
2016.12.20 20:08:50.833,1.0484,1.04865,1.37,1.50
2016.12.20 20:08:50.934,1.04838,1.04865,1.00,1.00
2016.12.20 20:08:51.035,1.04837,1.04863,2.92,1.00
2016.12.20 20:08:51.415,1.04835,1.04861,1.75,1.50
2016.12.20 20:08:51.567,1.04835,1.04861,1.00,1.00
2016.12.20 20:08:51.842,1.04835,1.04858,1.00,1.00
2016.12.20 20:08:51.943,1.04831,1.04858,1.75,1.00
2016.12.20 20:08:52.045,1.04831,1.04856,1.00,1.00
2016.12.20 20:08:52.461,1.04829,1.04857,1.50,1.12
2016.12.20 20:08:52.949,1.04829,1.04855,1.00,1.00
2016.12.20 20:08:53.496,1.04829,1.04856,1.50,1.00
2016.12.20 20:08:54.500,1.04829,1.04855,1.00,1.00
2016.12.20 20:08:54.679,1.04829,1.04857,1.00,1.12
2016.12.20 20:08:54.881,1.04829,1.04855,1.00,1.00
2016.12.20 20:08:55.083,1.04829,1.04857,1.00,1.87
2016.12.20 20:08:56.641,1.0483,1.04857,1.00,1.00
2016.12.20 20:08:57.175,1.0483,1.04856,1.00,1.00
2016.12.20 20:08:58.351,1.0483,1.04857,1.00,1.87
2016.12.20 20:09:00.716,1.04829,1.04855,1.00,1.00
2016.12.20 20:09:00.767,1.04826,1.04855,1.00,1.50
2016.12.20 20:09:01.070,1.04824,1.04853,1.50,1.00
2016.12.20 20:09:01.272,1.04827,1.04853,1.00,1.00
2016.12.20 20:09:01.873,1.04827,1.04852,1.00,1.00
2016.12.20 20:09:02.898,1.04827,1.04853,1.00,1.00
2016.12.20 20:09:08.528,1.04826,1.04853,1.00,1.00
2016.12.20 20:09:09.127,1.04827,1.04853,1.00,1.50
2016.12.20 20:09:10.240,1.04826,1.04853,1.00,1.50
2016.12.20 20:09:10.543,1.04831,1.04858,1.00,1.50
2016.12.20 20:09:10.644,1.04828,1.04857,2.62,1.00
2016.12.20 20:09:11.356,1.0483,1.04857,1.00,1.00
2016.12.20 20:09:11.708,1.04828,1.04855,2.62,1.00
2016.12.20 20:09:13.640,1.04828,1.04853,2.25,1.00
2016.12.20 20:09:14.408,1.04829,1.04854,1.12,1.00
2016.12.20 20:09:14.981,1.04828,1.04855,1.50,1.00
2016.12.20 20:09:15.570,1.04828,1.04854,1.50,1.00
2016.12.20 20:09:16.996,1.04828,1.04854,1.00,1.00
2016.12.20 20:09:17.761,1.04825,1.04853,1.00,1.00
2016.12.20 20:09:18.364,1.04826,1.04853,1.00,1.00
2016.12.20 20:09:22.603,1.04826,1.04852,1.00,1.00
2016.12.20 20:09:22.906,1.04828,1.04852,1.00,1.00
2016.12.20 20:09:22.956,1.04825,1.04852,1.00,1.00
2016.12.20 20:09:23.214,1.04828,1.04853,1.00,1.50
2016.12.20 20:09:23.894,1.04828,1.04852,1.00,1.00
2016.12.20 20:09:24.348,1.04826,1.04853,1.00,1.50
2016.12.20 20:09:24.459,1.04829,1.04855,1.50,1.00
2016.12.20 20:09:24.763,1.04831,1.04856,1.00,1.00
2016.12.20 20:09:25.294,1.04831,1.04855,1.50,1.00
2016.12.20 20:09:25.899,1.04831,1.04856,1.50,1.00
2016.12.20 20:09:26.382,1.04833,1.04856,1.00,1.00
2016.12.20 20:09:26.820,1.04831,1.04856,1.50,1.00
2016.12.20 20:09:28.333,1.04832,1.04856,1.00,1.00
2016.12.20 20:09:29.110,1.04832,1.04856,1.87,1.00
2016.12.20 20:09:30.212,1.04832,1.04855,3.00,1.00
2016.12.20 20:09:30.584,1.04831,1.04853,1.87,1.00
2016.12.20 20:09:30.735,1.04831,1.04855,1.87,1.00
2016.12.20 20:09:31.541,1.04831,1.04854,1.37,1.00
2016.12.20 20:09:36.735,1.04833,1.04855,1.12,1.00
2016.12.20 20:09:36.836,1.04833,1.04857,1.12,1.00
2016.12.20 20:09:37.745,1.04833,1.04856,1.87,1.00
2016.12.20 20:09:38.291,1.04833,1.04857,1.12,1.00
2016.12.20 20:09:38.830,1.04833,1.04858,1.12,1.00
2016.12.20 20:09:39.595,1.04834,1.04858,1.00,1.00
2016.12.20 20:09:39.705,1.04834,1.04856,1.00,1.00
2016.12.20 20:09:40.255,1.04833,1.04856,1.12,1.00
2016.12.20 20:09:47.384,1.04832,1.04855,2.25,1.00
2016.12.20 20:09:47.485,1.04832,1.04857,2.25,1.00
2016.12.20 20:09:49.911,1.04834,1.04857,1.00,1.00
2016.12.20 20:09:50.522,1.04833,1.04857,1.12,1.00
2016.12.20 20:09:51.482,1.04833,1.04856,1.87,1.00
2016.12.20 20:09:52.012,1.04832,1.04855,2.62,1.00
2016.12.20 20:09:52.552,1.04832,1.04854,1.50,1.00
2016.12.20 20:09:54.173,1.04834,1.04856,1.00,1.00
2016.12.20 20:09:54.711,1.04833,1.04857,1.12,1.00
2016.12.20 20:09:56.653,1.04831,1.04856,3.00,1.00
2016.12.20 20:09:57.303,1.04831,1.04855,3.00,1.00
2016.12.20 20:09:57.680,1.04831,1.04853,3.00,1.00
2016.12.20 20:09:59.919,1.04831,1.04854,3.75,1.00
2016.12.20 20:10:00.376,1.04829,1.04854,1.87,1.50
2016.12.20 20:10:00.427,1.04829,1.04852,1.12,1.00
2016.12.20 20:10:00.729,1.04827,1.0485,2.25,1.00
2016.12.20 20:10:01.242,1.04827,1.04849,1.00,1.00
2016.12.20 20:10:01.992,1.04827,1.04851,1.00,1.00
2016.12.20 20:10:02.461,1.04827,1.04849,1.00,1.00
2016.12.20 20:10:04.311,1.04828,1.04849,1.00,1.00
2016.12.20 20:10:04.362,1.04828,1.04852,1.00,1.00
2016.12.20 20:10:04.564,1.04828,1.04854,1.87,1.00
2016.12.20 20:10:04.715,1.04829,1.04856,1.12,1.00
2016.12.20 20:10:04.874,1.04832,1.04856,1.00,1.00
2016.12.20 20:10:05.423,1.04831,1.04856,1.00,1.50
2016.12.20 20:10:05.726,1.04831,1.04854,1.00,1.00
2016.12.20 20:10:06.157,1.04828,1.04853,1.37,1.00
2016.12.20 20:10:06.409,1.04828,1.04851,1.00,1.00
2016.12.20 20:10:06.661,1.04825,1.04851,1.50,1.00
2016.12.20 20:10:06.862,1.04827,1.04851,1.00,1.00
2016.12.20 20:10:12.063,1.04827,1.04852,1.00,1.00
2016.12.20 20:10:13.454,1.04829,1.04852,1.00,1.00
2016.12.20 20:10:21.009,1.04829,1.04853,1.00,1.00
2016.12.20 20:10:21.060,1.04829,1.04855,1.00,1.87
2016.12.20 20:10:21.238,1.04829,1.04853,1.00,1.50
2016.12.20 20:10:21.560,1.04825,1.04852,1.50,1.00
2016.12.20 20:10:21.762,1.04828,1.04852,1.00,1.00
2016.12.20 20:10:24.418,1.04827,1.04852,1.00,1.00
2016.12.20 20:10:25.519,1.04827,1.04853,1.00,1.00
2016.12.20 20:10:31.581,1.04827,1.0485,1.00,1.00
2016.12.20 20:10:32.153,1.04827,1.04852,1.00,1.00
2016.12.20 20:10:32.720,1.04827,1.04851,1.00,1.00
2016.12.20 20:10:38.836,1.04827,1.0485,1.00,1.00
2016.12.20 20:10:39.563,1.04826,1.0485,1.00,1.00
2016.12.20 20:10:40.254,1.04827,1.0485,1.00,1.00
2016.12.20 20:10:42.886,1.04827,1.04848,1.00,1.00
2016.12.20 20:10:43.340,1.04827,1.0485,1.00,1.00
2016.12.20 20:10:44.161,1.04825,1.0485,1.00,1.00
2016.12.20 20:10:44.258,1.04825,1.04852,1.00,1.00
2016.12.20 20:10:44.409,1.04827,1.04852,1.00,1.00
2016.12.20 20:10:51.314,1.04827,1.0485,1.00,1.00
2016.12.20 20:10:52.861,1.04827,1.04849,1.00,1.00
2016.12.20 20:10:52.912,1.04825,1.04849,1.00,1.00
2016.12.20 20:10:53.427,1.04825,1.0485,1.00,1.00
2016.12.20 20:10:56.403,1.04824,1.0485,1.50,1.00
2016.12.20 20:10:56.950,1.04824,1.04849,2.25,1.00
2016.12.20 20:10:57.485,1.04824,1.0485,1.50,1.00
2016.12.20 20:11:00.876,1.04825,1.04851,1.00,1.00
2016.12.20 20:11:01.128,1.04825,1.04853,1.50,1.50
2016.12.20 20:11:01.330,1.04826,1.04851,1.00,1.00
2016.12.20 20:11:02.607,1.04827,1.0485,1.00,1.00
2016.12.20 20:11:02.759,1.0483,1.04854,1.00,1.00
2016.12.20 20:11:03.352,1.0483,1.04853,1.50,1.00
2016.12.20 20:11:03.863,1.04831,1.04852,1.00,1.00
2016.12.20 20:11:04.417,1.0483,1.04852,1.50,1.00
2016.12.20 20:11:05.671,1.0483,1.04853,1.50,1.00
2016.12.20 20:11:05.737,1.04827,1.04849,1.50,1.00
2016.12.20 20:11:06.090,1.04825,1.04847,1.87,1.00
2016.12.20 20:11:06.342,1.04826,1.04848,1.00,1.00
2016.12.20 20:11:07.460,1.04824,1.04848,2.25,1.00
2016.12.20 20:11:10.025,1.04824,1.0485,1.50,1.00
2016.12.20 20:11:10.076,1.04824,1.04852,1.50,1.00
2016.12.20 20:11:10.691,1.04824,1.04853,1.50,1.50
2016.12.20 20:11:10.888,1.04824,1.04851,1.50,1.00
2016.12.20 20:11:11.191,1.04832,1.04856,1.87,1.00
2016.12.20 20:11:11.412,1.04833,1.04859,1.12,1.00
2016.12.20 20:11:12.022,1.04833,1.04858,1.12,1.00
2016.12.20 20:11:13.007,1.04834,1.04858,1.00,1.00
2016.12.20 20:11:13.572,1.04833,1.04857,1.12,1.00
2016.12.20 20:11:13.724,1.04834,1.04855,1.00,1.00
2016.12.20 20:11:14.329,1.04833,1.04854,1.12,1.00
2016.12.20 20:11:18.060,1.04833,1.04856,1.00,1.00
2016.12.20 20:11:18.368,1.04833,1.04858,1.50,1.00
2016.12.20 20:11:26.650,1.04833,1.04858,1.87,1.00
2016.12.20 20:11:27.210,1.04833,1.04858,1.87,1.00
2016.12.20 20:11:27.485,1.04832,1.04856,1.87,1.00
2016.12.20 20:11:28.018,1.04832,1.04857,2.62,1.00
2016.12.20 20:11:28.521,1.04832,1.04855,1.87,1.00
2016.12.20 20:11:28.572,1.04832,1.04856,1.12,1.00
2016.12.20 20:11:28.673,1.04828,1.04856,1.00,1.00
2016.12.20 20:11:28.723,1.04828,1.0485,1.00,1.00
2016.12.20 20:11:28.774,1.04826,1.0485,1.50,1.00
2016.12.20 20:11:28.825,1.04827,1.04852,1.00,1.00
2016.12.20 20:11:28.926,1.04828,1.04854,1.00,1.00
2016.12.20 20:11:28.977,1.04826,1.04856,2.25,1.50
2016.12.20 20:11:29.300,1.04826,1.04854,1.12,1.00
2016.12.20 20:11:29.823,1.04827,1.04853,1.00,1.00
2016.12.20 20:11:30.338,1.04827,1.04854,1.00,1.50
2016.12.20 20:11:32.337,1.04828,1.04854,1.00,1.50
2016.12.20 20:11:33.600,1.04826,1.04854,1.12,1.50
2016.12.20 20:11:34.130,1.04825,1.04855,3.67,1.00
2016.12.20 20:11:34.350,1.04827,1.04851,1.00,1.00
2016.12.20 20:11:34.451,1.04829,1.04855,1.12,1.00
2016.12.20 20:11:34.552,1.04831,1.04855,1.00,1.00
2016.12.20 20:11:35.101,1.04831,1.04856,1.50,1.00
2016.12.20 20:11:38.845,1.04829,1.04853,1.37,1.00
2016.12.20 20:11:38.947,1.0483,1.04855,1.12,1.00
2016.12.20 20:11:39.569,1.0483,1.04856,1.12,1.00
2016.12.20 20:11:41.321,1.04833,1.04856,1.00,1.00
2016.12.20 20:11:42.184,1.04832,1.04856,1.00,1.00
2016.12.20 20:11:42.235,1.04832,1.04858,1.00,1.00
2016.12.20 20:11:42.749,1.04833,1.04857,1.00,1.00
2016.12.20 20:11:43.305,1.04833,1.04858,1.00,1.00
2016.12.20 20:11:47.635,1.04833,1.04856,1.00,1.00
2016.12.20 20:11:48.559,1.04833,1.04857,1.00,1.00
2016.12.20 20:11:48.609,1.0483,1.04857,3.37,1.00
2016.12.20 20:11:48.811,1.04828,1.04853,1.00,1.00
2016.12.20 20:11:49.416,1.04828,1.04852,1.00,1.00
2016.12.20 20:11:49.711,1.04825,1.04853,1.50,1.00
2016.12.20 20:11:49.872,1.04827,1.04853,1.00,1.00
2016.12.20 20:11:50.211,1.04827,1.04851,1.00,1.00
2016.12.20 20:11:50.261,1.04825,1.04853,1.50,1.50
2016.12.20 20:11:50.362,1.04825,1.04853,2.25,1.87
2016.12.20 20:11:50.915,1.04825,1.04853,1.50,1.00
2016.12.20 20:11:51.685,1.04825,1.04852,1.50,1.00
2016.12.20 20:11:51.821,1.04827,1.04852,1.00,1.00
2016.12.20 20:11:52.846,1.04827,1.04852,1.00,1.37
2016.12.20 20:11:52.947,1.04824,1.04852,1.87,1.00
2016.12.20 20:11:53.706,1.04826,1.04852,1.00,1.00
2016.12.20 20:11:54.225,1.04825,1.04852,1.00,1.00
2016.12.20 20:11:55.040,1.04823,1.04853,2.62,1.50
2016.12.20 20:11:55.663,1.04824,1.04853,1.50,1.00
2016.12.20 20:11:56.168,1.04823,1.04852,2.62,1.00
2016.12.20 20:11:56.676,1.04824,1.04852,1.00,1.50
2016.12.20 20:11:59.026,1.04824,1.04852,1.37,1.00
2016.12.20 20:11:59.077,1.04825,1.04854,1.87,1.00
2016.12.20 20:11:59.597,1.04827,1.04853,1.00,1.00
2016.12.20 20:11:59.698,1.04827,1.04851,1.00,1.00
2016.12.20 20:11:59.749,1.04827,1.04853,1.00,1.00
2016.12.20 20:12:00.302,1.04827,1.04852,1.00,1.00
2016.12.20 20:12:00.838,1.04827,1.04853,1.00,1.00
2016.12.20 20:12:01.355,1.04827,1.04854,1.50,1.50
2016.12.20 20:12:08.143,1.04828,1.04854,1.00,1.50
2016.12.20 20:12:13.531,1.04825,1.04854,1.50,1.12
2016.12.20 20:12:14.069,1.04826,1.04853,1.12,1.00
2016.12.20 20:12:16.531,1.04828,1.04851,1.00,1.00
2016.12.20 20:12:16.651,1.04826,1.04851,1.12,1.00
2016.12.20 20:12:17.698,1.04827,1.04851,1.00,1.00
2016.12.20 20:12:18.232,1.04826,1.04851,1.00,1.00
2016.12.20 20:12:18.915,1.04828,1.04851,1.00,1.00
2016.12.20 20:12:20.063,1.04828,1.04853,1.00,1.50
2016.12.20 20:12:20.164,1.04826,1.04852,1.00,1.00
2016.12.20 20:12:20.543,1.04824,1.04852,1.00,1.00
2016.12.20 20:12:20.594,1.04824,1.04854,1.00,1.50
2016.12.20 20:12:20.766,1.04827,1.04854,1.00,1.50
2016.12.20 20:12:22.311,1.04827,1.04853,1.00,1.00
2016.12.20 20:12:23.260,1.04825,1.04853,1.00,1.00
2016.12.20 20:12:24.680,1.04824,1.04853,1.50,1.50
2016.12.20 20:12:24.983,1.04826,1.04853,1.00,1.50
2016.12.20 20:12:25.361,1.04824,1.04853,1.00,1.50
2016.12.20 20:12:25.563,1.04828,1.04853,1.00,1.00
2016.12.20 20:12:28.959,1.04827,1.04853,1.00,1.00
2016.12.20 20:12:30.940,1.04828,1.04853,1.00,1.00
2016.12.20 20:12:31.447,1.04828,1.04854,1.00,1.50
2016.12.20 20:12:32.060,1.04828,1.04853,1.00,1.00
2016.12.20 20:12:34.637,1.04827,1.04853,1.00,1.00
2016.12.20 20:12:35.144,1.04828,1.04852,1.00,1.00
2016.12.20 20:12:35.295,1.04828,1.04854,1.00,1.50
2016.12.20 20:12:38.007,1.04827,1.04854,1.00,1.50
2016.12.20 20:12:38.187,1.04825,1.04854,1.00,1.50
2016.12.20 20:12:38.252,1.04828,1.04854,1.00,1.50
2016.12.20 20:12:40.161,1.04824,1.04854,1.50,1.00
2016.12.20 20:12:40.665,1.04827,1.04854,1.00,1.00
2016.12.20 20:12:41.216,1.04827,1.04852,1.00,1.00
2016.12.20 20:12:41.469,1.04824,1.04852,1.87,1.00
2016.12.20 20:12:41.954,1.04827,1.04851,1.00,1.00
2016.12.20 20:12:42.517,1.04828,1.04851,1.00,1.00
2016.12.20 20:12:43.520,1.04824,1.04851,1.87,1.00
2016.12.20 20:12:44.112,1.04826,1.04851,1.00,1.00
2016.12.20 20:12:44.332,1.04824,1.04851,1.87,1.00
2016.12.20 20:12:44.383,1.04824,1.04853,1.87,1.00
2016.12.20 20:12:44.563,1.04827,1.04853,1.00,1.00
2016.12.20 20:12:46.693,1.04827,1.04852,1.00,1.00
2016.12.20 20:12:47.229,1.04828,1.04852,1.00,1.00
2016.12.20 20:12:50.303,1.0483,1.04852,1.00,1.00
2016.12.20 20:12:51.912,1.04828,1.04852,1.00,1.00
2016.12.20 20:12:54.941,1.04825,1.04852,1.00,1.00
2016.12.20 20:12:54.992,1.04825,1.0485,1.00,1.00
2016.12.20 20:12:55.513,1.04826,1.04851,1.00,1.00
2016.12.20 20:12:57.634,1.04827,1.04851,1.00,1.00
2016.12.20 20:13:00.178,1.04827,1.04852,1.00,1.00
2016.12.20 20:13:00.774,1.04827,1.04853,1.00,1.50
2016.12.20 20:13:08.867,1.04827,1.04852,1.00,1.00
2016.12.20 20:13:11.501,1.04827,1.04853,1.00,1.50
2016.12.20 20:13:20.156,1.04827,1.04852,1.00,1.00
2016.12.20 20:13:21.263,1.04827,1.04853,1.00,1.00
2016.12.20 20:13:21.562,1.04824,1.04853,1.87,1.00
2016.12.20 20:13:22.064,1.04828,1.04853,1.00,1.50
2016.12.20 20:13:22.114,1.04826,1.04853,1.00,1.50
2016.12.20 20:13:24.119,1.04825,1.04853,1.00,1.50
2016.12.20 20:13:26.770,1.04826,1.04853,1.00,2.25
2016.12.20 20:13:27.529,1.04825,1.04853,1.00,2.25
2016.12.20 20:13:29.228,1.04826,1.04853,1.00,2.25
2016.12.20 20:13:29.809,1.04825,1.04853,1.00,1.50
2016.12.20 20:13:31.594,1.04826,1.04853,1.00,1.50
2016.12.20 20:13:34.214,1.04823,1.04853,1.87,1.50
2016.12.20 20:13:36.821,1.04822,1.04852,2.25,1.00
2016.12.20 20:13:40.145,1.04826,1.04854,1.12,1.87
2016.12.20 20:13:40.448,1.04828,1.04855,1.00,1.00
2016.12.20 20:13:40.751,1.04824,1.04853,2.25,1.00
2016.12.20 20:13:41.054,1.04822,1.04851,1.50,1.12
2016.12.20 20:13:43.353,1.04827,1.04851,1.00,1.12
2016.12.20 20:13:44.227,1.04825,1.04851,1.00,1.12
2016.12.20 20:13:44.321,1.04825,1.04849,1.00,1.00
2016.12.20 20:13:46.780,1.04825,1.04852,1.00,2.25
2016.12.20 20:13:49.443,1.04825,1.0485,1.00,1.00
2016.12.20 20:13:49.999,1.04825,1.04849,1.00,1.00
2016.12.20 20:13:51.173,1.04829,1.04852,1.00,1.50
2016.12.20 20:13:51.274,1.04829,1.04855,1.50,1.00
2016.12.20 20:13:51.508,1.04833,1.04855,1.00,1.00
2016.12.20 20:13:52.014,1.04832,1.04855,1.00,1.00
2016.12.20 20:13:52.559,1.04832,1.04856,1.00,1.00
2016.12.20 20:13:52.609,1.04833,1.04858,1.00,1.50
2016.12.20 20:13:53.276,1.04833,1.04857,1.00,1.00
2016.12.20 20:13:53.377,1.04835,1.04857,1.00,1.00
2016.12.20 20:13:53.588,1.04835,1.04859,1.00,1.50
2016.12.20 20:13:54.033,1.04829,1.04857,2.62,1.00
2016.12.20 20:13:54.184,1.04826,1.04854,3.00,1.00
2016.12.20 20:13:54.235,1.04826,1.04854,1.37,1.00
2016.12.20 20:13:54.387,1.04825,1.04852,3.37,1.00
2016.12.20 20:13:54.757,1.04825,1.04855,2.62,2.25
2016.12.20 20:13:56.380,1.04825,1.04855,1.87,1.50
2016.12.20 20:13:56.930,1.04825,1.04854,2.62,1.12
2016.12.20 20:13:57.781,1.04825,1.04853,1.87,1.00
2016.12.20 20:13:57.970,1.04825,1.04851,1.50,1.00
2016.12.20 20:14:02.474,1.04823,1.04851,2.25,1.00
2016.12.20 20:14:03.255,1.04824,1.04851,1.00,1.00
2016.12.20 20:14:05.334,1.04824,1.0485,1.00,1.00
2016.12.20 20:14:05.846,1.04823,1.0485,1.50,1.00
2016.12.20 20:14:09.650,1.04825,1.0485,1.00,1.00
2016.12.20 20:14:11.198,1.04828,1.04853,1.00,1.87
2016.12.20 20:14:11.249,1.04828,1.04853,1.00,1.00
2016.12.20 20:14:11.299,1.04829,1.04856,1.50,1.37
2016.12.20 20:14:11.350,1.0483,1.04857,1.87,1.00
2016.12.20 20:14:11.401,1.04831,1.04859,1.87,1.00
2016.12.20 20:14:11.552,1.04829,1.04856,1.00,1.00
2016.12.20 20:14:11.603,1.04829,1.04852,1.00,1.00
2016.12.20 20:14:12.134,1.04826,1.04853,1.87,1.50
2016.12.20 20:14:12.667,1.04826,1.04854,1.50,1.50
2016.12.20 20:14:13.519,1.04826,1.04853,1.50,1.00
2016.12.20 20:14:25.550,1.04826,1.04852,1.50,1.00
2016.12.20 20:14:25.601,1.04829,1.04856,1.00,1.00
2016.12.20 20:14:25.652,1.04829,1.04856,1.00,1.75
2016.12.20 20:14:25.753,1.0483,1.04856,1.12,1.00
2016.12.20 20:14:25.854,1.0483,1.0486,1.75,1.87
2016.12.20 20:14:26.056,1.04832,1.04858,1.37,1.00
2016.12.20 20:14:26.157,1.04828,1.04858,1.50,1.00
2016.12.20 20:14:26.308,1.04826,1.04856,2.62,1.00
2016.12.20 20:14:26.637,1.04825,1.04854,3.00,1.00
2016.12.20 20:14:26.789,1.04825,1.04854,3.75,1.00
2016.12.20 20:14:30.049,1.04826,1.04853,1.37,1.00
2016.12.20 20:14:31.493,1.04825,1.04851,2.25,1.50
2016.12.20 20:14:35.169,1.04827,1.0485,1.00,1.00
2016.12.20 20:14:38.048,1.04825,1.0485,1.12,1.00
2016.12.20 20:14:38.781,1.04826,1.04851,1.00,1.50
2016.12.20 20:14:38.932,1.04828,1.04854,1.00,1.50
2016.12.20 20:14:39.402,1.04831,1.04855,1.00,2.25
2016.12.20 20:14:39.452,1.04829,1.04855,1.12,2.25
2016.12.20 20:14:39.503,1.04829,1.04853,1.12,1.00
2016.12.20 20:14:39.554,1.04823,1.04853,2.25,1.00
2016.12.20 20:14:39.605,1.04823,1.04851,1.37,1.00
2016.12.20 20:14:40.115,1.04823,1.0485,1.87,1.87
2016.12.20 20:14:46.713,1.04824,1.0485,1.12,1.00
2016.12.20 20:15:00.236,1.04823,1.04849,1.37,1.00
2016.12.20 20:15:00.500,1.04823,1.04851,1.87,1.00
2016.12.20 20:15:01.379,1.04823,1.04852,1.87,1.50
2016.12.20 20:15:02.749,1.04823,1.0485,1.87,1.00
2016.12.20 20:15:03.422,1.04824,1.0485,1.00,1.50
2016.12.20 20:15:05.574,1.04821,1.0485,1.87,1.50
2016.12.20 20:15:06.236,1.04823,1.0485,1.00,1.50
2016.12.20 20:15:06.858,1.04821,1.0485,1.87,1.50
2016.12.20 20:15:12.301,1.04824,1.04851,1.00,2.25
2016.12.20 20:15:13.315,1.04821,1.04851,1.37,2.25
2016.12.20 20:15:13.852,1.04823,1.04851,1.00,2.25
2016.12.20 20:15:16.025,1.04821,1.0485,1.87,1.50
2016.12.20 20:15:18.583,1.04823,1.0485,1.00,1.50
2016.12.20 20:15:20.291,1.04824,1.04851,1.00,2.25
2016.12.20 20:15:20.411,1.04821,1.04851,1.87,2.25
2016.12.20 20:15:33.946,1.04824,1.04849,1.00,1.50
2016.12.20 20:15:35.201,1.04822,1.04849,1.12,1.50
2016.12.20 20:15:38.974,1.04821,1.0485,1.37,1.12
2016.12.20 20:15:39.095,1.04829,1.04853,1.75,1.00
2016.12.20 20:15:39.196,1.04826,1.04853,1.37,1.50
2016.12.20 20:15:39.282,1.04824,1.04849,1.12,1.00
2016.12.20 20:15:39.383,1.04822,1.04848,1.12,1.00
2016.12.20 20:15:39.484,1.04822,1.04845,1.12,1.00
2016.12.20 20:15:41.004,1.0482,1.04846,2.25,1.00
2016.12.20 20:15:41.563,1.0482,1.04845,2.25,1.00
2016.12.20 20:15:45.946,1.04819,1.04847,1.75,1.00
2016.12.20 20:15:46.494,1.04821,1.04846,1.12,1.00
2016.12.20 20:15:47.826,1.0482,1.04847,1.37,1.50
2016.12.20 20:15:50.894,1.04823,1.04847,1.00,1.00
2016.12.20 20:15:51.538,1.04822,1.04847,1.00,1.00
2016.12.20 20:15:52.195,1.04823,1.04847,1.00,1.00
2016.12.20 20:15:52.755,1.04822,1.04847,1.50,1.00
2016.12.20 20:15:53.848,1.04821,1.04847,1.12,1.00
2016.12.20 20:15:56.007,1.04822,1.04848,1.00,1.12
2016.12.20 20:15:56.659,1.04821,1.04849,1.12,1.37
2016.12.20 20:15:57.179,1.04822,1.04847,1.00,1.00
2016.12.20 20:15:57.841,1.04821,1.04847,1.12,1.00
2016.12.20 20:15:58.642,1.04822,1.04847,1.00,1.00
2016.12.20 20:15:59.177,1.04823,1.04847,1.00,1.00
2016.12.20 20:15:59.749,1.04822,1.04847,1.00,1.00
2016.12.20 20:16:00.399,1.04823,1.04847,1.00,1.00
2016.12.20 20:16:00.578,1.04821,1.04847,1.12,1.00
2016.12.20 20:16:00.831,1.04823,1.04848,1.50,1.87
2016.12.20 20:16:01.033,1.04823,1.0485,1.50,1.00
2016.12.20 20:16:01.438,1.04824,1.04848,1.37,1.00
2016.12.20 20:16:02.388,1.04824,1.04849,1.37,1.50
2016.12.20 20:16:03.089,1.04826,1.04849,1.00,1.00
2016.12.20 20:16:03.800,1.04824,1.04849,1.37,1.00
2016.12.20 20:16:06.436,1.04823,1.04849,1.00,1.00
2016.12.20 20:16:06.948,1.04822,1.04849,1.87,1.00
2016.12.20 20:16:07.251,1.04824,1.04849,1.00,1.00
2016.12.20 20:16:08.793,1.04823,1.04849,1.00,1.00
2016.12.20 20:16:09.487,1.04822,1.04849,1.87,1.00
2016.12.20 20:16:09.863,1.04825,1.04849,1.00,1.00
2016.12.20 20:16:12.805,1.04822,1.04848,1.75,1.00
2016.12.20 20:16:12.855,1.04822,1.04848,1.12,1.50
2016.12.20 20:16:13.432,1.04822,1.04847,1.12,1.00
2016.12.20 20:16:13.952,1.04823,1.04847,1.00,1.00
2016.12.20 20:16:14.725,1.04822,1.04847,1.87,1.00
2016.12.20 20:16:15.610,1.04824,1.04847,1.00,1.00
2016.12.20 20:16:15.661,1.04822,1.04847,1.87,1.00
2016.12.20 20:16:16.178,1.04822,1.04848,1.87,1.50
2016.12.20 20:16:16.229,1.04822,1.04846,1.87,1.00
2016.12.20 20:16:22.391,1.04821,1.04847,1.87,1.50
2016.12.20 20:16:23.009,1.04823,1.04847,1.00,1.50
2016.12.20 20:16:23.528,1.04822,1.04847,1.12,1.50
2016.12.20 20:16:26.173,1.0482,1.04846,1.50,1.50
2016.12.20 20:16:27.993,1.0482,1.04847,2.25,1.50
2016.12.20 20:16:31.865,1.04827,1.04849,1.00,1.87
2016.12.20 20:16:31.964,1.04824,1.04848,1.00,1.00
2016.12.20 20:16:33.081,1.04824,1.04849,1.00,1.00
2016.12.20 20:16:33.698,1.04824,1.04848,1.00,1.00
2016.12.20 20:16:36.414,1.04821,1.04848,1.12,1.00
2016.12.20 20:16:36.515,1.04823,1.04848,1.00,1.00
2016.12.20 20:16:36.799,1.04823,1.0485,1.00,1.00
2016.12.20 20:16:37.154,1.04825,1.0485,1.00,1.00
2016.12.20 20:16:38.130,1.04825,1.04849,1.00,1.00
2016.12.20 20:16:38.181,1.04823,1.04848,1.00,1.00
2016.12.20 20:16:38.720,1.04824,1.04848,1.00,1.00
2016.12.20 20:16:39.256,1.04823,1.04848,1.00,1.00
2016.12.20 20:16:39.843,1.04822,1.04848,1.00,1.00
2016.12.20 20:16:40.553,1.04823,1.04848,1.00,1.00
2016.12.20 20:16:41.394,1.04823,1.04849,1.00,1.00
2016.12.20 20:16:41.445,1.04826,1.0485,1.00,1.00
2016.12.20 20:16:41.546,1.04824,1.0485,1.00,1.00
2016.12.20 20:16:42.349,1.04823,1.0485,1.50,1.50
2016.12.20 20:16:43.338,1.04823,1.04849,1.50,1.00
2016.12.20 20:16:43.587,1.04823,1.04847,1.00,1.00
2016.12.20 20:16:46.242,1.04821,1.04847,1.87,1.00
2016.12.20 20:16:46.760,1.04822,1.04847,1.00,1.00
2016.12.20 20:16:47.798,1.04821,1.04847,2.62,1.00
2016.12.20 20:16:48.439,1.04821,1.04846,1.87,1.00
2016.12.20 20:16:54.843,1.04821,1.04847,1.12,1.00
2016.12.20 20:16:55.386,1.04821,1.04846,1.12,1.00
2016.12.20 20:16:56.847,1.04822,1.04846,1.00,1.00
2016.12.20 20:16:57.705,1.04821,1.04846,1.87,1.00
2016.12.20 20:16:58.359,1.04822,1.04846,1.00,1.00
2016.12.20 20:16:59.021,1.04821,1.04846,1.87,1.00
2016.12.20 20:16:59.126,1.04822,1.04848,1.00,1.00
2016.12.20 20:17:00.650,1.04821,1.04848,1.87,1.00
2016.12.20 20:17:01.649,1.04822,1.04848,1.00,1.00
2016.12.20 20:17:02.863,1.04824,1.04848,1.00,1.00
2016.12.20 20:17:03.381,1.04823,1.04849,1.00,1.00
2016.12.20 20:17:03.981,1.04824,1.04849,1.00,1.00
2016.12.20 20:17:04.630,1.04823,1.04849,1.00,1.00
2016.12.20 20:17:05.657,1.04822,1.04849,1.00,1.00
2016.12.20 20:17:06.146,1.04821,1.04847,1.12,1.00
2016.12.20 20:17:06.759,1.04822,1.04847,1.00,1.00
2016.12.20 20:17:06.992,1.04822,1.04849,1.00,1.50
2016.12.20 20:17:07.614,1.04821,1.04849,1.87,1.50
2016.12.20 20:17:08.164,1.04822,1.04849,1.00,1.50
2016.12.20 20:17:08.683,1.04821,1.04848,1.87,1.00
2016.12.20 20:17:09.191,1.04822,1.04848,1.00,1.00
2016.12.20 20:17:10.370,1.04821,1.04848,1.87,1.00
2016.12.20 20:17:11.573,1.04822,1.04848,1.00,1.00
2016.12.20 20:17:12.062,1.04825,1.04849,1.00,1.00
2016.12.20 20:17:12.181,1.04823,1.04849,1.00,1.00
2016.12.20 20:17:12.699,1.04822,1.04849,1.12,1.00
2016.12.20 20:17:13.399,1.04822,1.04848,1.12,1.00
2016.12.20 20:17:13.909,1.04821,1.04847,1.50,1.00
2016.12.20 20:17:15.986,1.04822,1.04848,1.12,1.00
2016.12.20 20:17:28.355,1.04823,1.04848,1.00,1.00
2016.12.20 20:17:28.998,1.04824,1.04848,1.00,1.00
2016.12.20 20:17:29.709,1.04823,1.04848,1.00,1.00
2016.12.20 20:17:31.323,1.04822,1.04848,1.12,1.00
2016.12.20 20:17:32.169,1.04823,1.04848,1.00,1.00
2016.12.20 20:17:33.579,1.04822,1.04848,1.12,1.00
2016.12.20 20:17:33.774,1.04826,1.04847,1.00,1.00
2016.12.20 20:17:33.839,1.04822,1.04847,1.12,1.00
2016.12.20 20:17:34.358,1.04823,1.04847,1.00,1.00
2016.12.20 20:17:35.044,1.04822,1.04848,1.12,1.00
2016.12.20 20:17:36.348,1.04826,1.04848,1.00,1.00
2016.12.20 20:17:36.399,1.04824,1.04849,1.00,1.00
2016.12.20 20:17:36.924,1.04823,1.04849,1.00,1.37
2016.12.20 20:17:37.711,1.04824,1.04849,1.00,1.37
2016.12.20 20:17:38.345,1.04823,1.04849,1.00,1.37
2016.12.20 20:17:39.306,1.04827,1.04848,1.00,1.12
2016.12.20 20:17:39.357,1.04824,1.04848,1.00,1.12
2016.12.20 20:17:39.873,1.04822,1.04848,1.12,1.12
2016.12.20 20:17:40.349,1.04825,1.04847,1.00,1.00
2016.12.20 20:17:41.350,1.04824,1.04847,1.00,1.00
2016.12.20 20:17:42.685,1.04823,1.04847,1.00,1.00
2016.12.20 20:17:43.294,1.04824,1.04847,1.00,1.00
2016.12.20 20:17:44.089,1.04823,1.04847,1.00,1.00
2016.12.20 20:17:44.716,1.04823,1.04848,1.00,1.12
2016.12.20 20:17:45.235,1.04824,1.04848,1.00,1.12
2016.12.20 20:17:45.721,1.04826,1.04848,1.00,1.12
2016.12.20 20:17:46.141,1.04824,1.04847,1.00,1.00
2016.12.20 20:17:46.242,1.04822,1.04848,1.00,1.12
2016.12.20 20:17:46.634,1.04825,1.04847,1.00,1.00
2016.12.20 20:17:47.151,1.04825,1.04848,1.00,2.62
2016.12.20 20:17:47.314,1.04823,1.04848,1.00,2.62
2016.12.20 20:17:47.747,1.04825,1.04848,1.00,1.87
2016.12.20 20:17:48.344,1.04824,1.04848,1.00,1.12
2016.12.20 20:17:49.688,1.04823,1.04848,1.00,1.87
2016.12.20 20:17:50.430,1.04824,1.04848,1.00,1.87
2016.12.20 20:17:52.920,1.04823,1.04848,1.00,1.87
2016.12.20 20:17:53.950,1.04824,1.04848,1.00,1.87
2016.12.20 20:17:55.722,1.04823,1.04848,1.00,1.87
2016.12.20 20:17:56.721,1.04824,1.04848,1.00,1.87
2016.12.20 20:17:57.138,1.04824,1.04848,1.00,2.25
2016.12.20 20:17:57.707,1.04823,1.04848,1.00,2.25
2016.12.20 20:17:58.209,1.04824,1.04848,1.00,2.25
2016.12.20 20:17:58.721,1.04823,1.04848,1.00,2.25
2016.12.20 20:17:59.676,1.04824,1.04848,1.00,2.25
2016.12.20 20:18:00.720,1.04823,1.04848,1.00,2.25
2016.12.20 20:18:02.067,1.04824,1.04848,1.00,2.25
2016.12.20 20:18:02.657,1.04823,1.04848,1.00,1.75
2016.12.20 20:18:02.990,1.04826,1.04848,1.00,1.75
2016.12.20 20:18:03.041,1.04824,1.04847,1.00,1.50
2016.12.20 20:18:03.586,1.04823,1.04848,1.00,1.75
2016.12.20 20:18:04.089,1.04824,1.04848,1.00,1.75
2016.12.20 20:18:05.587,1.04823,1.04848,1.00,2.25
2016.12.20 20:18:06.104,1.04824,1.04846,1.00,1.12
2016.12.20 20:18:06.155,1.04822,1.04846,1.12,1.12
2016.12.20 20:18:06.565,1.04825,1.04846,1.00,1.12
2016.12.20 20:18:07.100,1.04824,1.04846,1.00,1.12
2016.12.20 20:18:09.531,1.04826,1.04848,1.00,1.75
2016.12.20 20:18:10.156,1.04825,1.04849,1.00,1.75
2016.12.20 20:18:12.121,1.04826,1.04849,1.00,1.75
2016.12.20 20:18:12.657,1.04825,1.04849,1.00,1.75
2016.12.20 20:18:13.424,1.04826,1.04849,1.00,1.75
2016.12.20 20:18:13.680,1.04826,1.04849,1.00,1.37
2016.12.20 20:18:14.560,1.04825,1.04849,1.00,1.37
2016.12.20 20:18:17.709,1.04824,1.04848,1.00,1.12
2016.12.20 20:18:20.029,1.04823,1.04848,1.00,1.12
2016.12.20 20:18:20.720,1.04824,1.04848,1.00,1.12
2016.12.20 20:18:21.498,1.04825,1.04848,1.00,1.12
2016.12.20 20:18:22.764,1.04824,1.04848,1.00,1.12
2016.12.20 20:18:23.445,1.04825,1.04848,1.00,1.12
2016.12.20 20:18:23.633,1.04823,1.04848,1.12,1.12
2016.12.20 20:18:24.000,1.04826,1.04849,1.00,1.37
2016.12.20 20:18:24.530,1.04825,1.04849,1.50,1.37
2016.12.20 20:18:27.759,1.04825,1.04847,1.00,1.00
2016.12.20 20:18:32.250,1.04825,1.04848,1.00,1.87
2016.12.20 20:18:32.708,1.04823,1.04849,1.00,2.62
2016.12.20 20:18:33.488,1.04824,1.04848,1.00,1.12
2016.12.20 20:18:34.192,1.04823,1.04848,1.50,1.87
2016.12.20 20:18:34.720,1.04824,1.04848,1.00,1.87
2016.12.20 20:18:35.720,1.04823,1.04848,1.50,1.87
2016.12.20 20:18:36.232,1.04824,1.04848,1.00,1.87
2016.12.20 20:18:36.832,1.04823,1.04848,1.50,1.87
2016.12.20 20:18:37.710,1.04824,1.04848,1.00,1.50
2016.12.20 20:18:38.430,1.04823,1.04848,1.50,1.50
2016.12.20 20:18:39.471,1.04824,1.04848,1.00,1.50
2016.12.20 20:18:40.081,1.04825,1.04848,1.00,1.50
2016.12.20 20:18:40.390,1.04823,1.04848,1.00,1.00
2016.12.20 20:18:40.894,1.04823,1.04847,1.00,1.00
2016.12.20 20:18:41.401,1.04822,1.04847,1.00,1.00
2016.12.20 20:18:42.650,1.04823,1.04847,1.00,1.00
2016.12.20 20:18:44.711,1.04822,1.04847,1.00,1.00
2016.12.20 20:18:45.022,1.04824,1.04847,1.00,1.00
2016.12.20 20:18:45.693,1.04825,1.04847,1.00,1.00
2016.12.20 20:18:46.352,1.04824,1.04847,1.00,1.00
2016.12.20 20:18:47.611,1.04823,1.04848,1.00,1.50
2016.12.20 20:18:49.637,1.04821,1.04847,1.12,1.00
2016.12.20 20:18:50.010,1.04824,1.04848,1.00,1.00
2016.12.20 20:18:50.799,1.04823,1.04848,1.50,1.00
2016.12.20 20:18:51.315,1.04824,1.04848,1.00,1.00
2016.12.20 20:18:51.561,1.04822,1.04848,1.00,1.00
2016.12.20 20:18:52.295,1.04823,1.04848,1.00,1.00
2016.12.20 20:18:52.786,1.04827,1.04849,1.12,1.00
2016.12.20 20:18:52.837,1.04827,1.04853,1.12,1.00
2016.12.20 20:18:52.938,1.0483,1.04855,1.00,1.50
2016.12.20 20:18:53.249,1.04831,1.04855,1.50,1.00
2016.12.20 20:18:53.782,1.04832,1.04856,1.37,1.00
2016.12.20 20:18:54.912,1.04832,1.04857,1.37,1.00
2016.12.20 20:18:59.531,1.04833,1.04855,1.12,1.00
2016.12.20 20:19:10.889,1.04834,1.04855,1.00,1.00
2016.12.20 20:19:10.940,1.04832,1.04855,1.00,1.00
2016.12.20 20:19:10.990,1.04832,1.04853,1.00,1.00
2016.12.20 20:19:11.041,1.04829,1.04853,1.00,1.00
2016.12.20 20:19:11.294,1.04827,1.04851,1.00,1.00
2016.12.20 20:19:11.597,1.04826,1.04849,1.00,1.12
2016.12.20 20:19:12.154,1.04825,1.04849,1.20,1.12
2016.12.20 20:19:12.764,1.04824,1.04849,1.65,1.12
2016.12.20 20:19:13.479,1.04825,1.04849,1.20,1.12
2016.12.20 20:19:14.144,1.04825,1.04848,1.20,1.00
2016.12.20 20:19:23.993,1.04824,1.0485,1.80,1.37
2016.12.20 20:19:24.583,1.04824,1.0485,1.20,1.37
2016.12.20 20:19:25.899,1.04825,1.0485,1.00,1.37
2016.12.20 20:19:26.706,1.04824,1.0485,1.65,1.50
2016.12.20 20:19:27.370,1.04826,1.04849,1.00,1.12
2016.12.20 20:19:28.362,1.04824,1.04849,1.20,1.12
2016.12.20 20:19:28.952,1.04825,1.04849,1.00,1.12
2016.12.20 20:19:31.712,1.04824,1.04849,1.20,1.12
2016.12.20 20:19:32.397,1.04825,1.04849,1.00,1.12
2016.12.20 20:19:32.984,1.04824,1.04849,1.20,1.12
2016.12.20 20:19:33.714,1.04824,1.04848,1.20,1.00
2016.12.20 20:19:34.220,1.04826,1.0485,1.00,1.50
2016.12.20 20:19:34.424,1.04823,1.04848,1.12,1.00
2016.12.20 20:19:34.815,1.04825,1.04847,1.00,1.00
2016.12.20 20:19:34.901,1.04825,1.04849,1.00,1.12
2016.12.20 20:19:35.162,1.04827,1.04848,1.00,1.00
2016.12.20 20:19:35.773,1.04824,1.04848,1.50,1.00
2016.12.20 20:19:36.323,1.04825,1.0485,1.00,1.50
2016.12.20 20:19:36.872,1.04825,1.04848,1.00,1.00
2016.12.20 20:19:37.710,1.04824,1.04848,1.50,1.00
2016.12.20 20:19:39.513,1.04824,1.04849,1.00,1.12
2016.12.20 20:19:40.042,1.04822,1.04849,2.62,1.12
2016.12.20 20:19:41.588,1.04825,1.04849,1.00,1.12
2016.12.20 20:19:41.694,1.04823,1.04849,1.12,1.12
2016.12.20 20:19:44.006,1.04823,1.04847,1.12,1.00
2016.12.20 20:19:44.616,1.04822,1.04847,2.25,1.00
2016.12.20 20:19:45.121,1.04823,1.04847,1.00,1.00
2016.12.20 20:19:45.901,1.04822,1.04847,2.25,1.00
2016.12.20 20:19:46.560,1.04823,1.04847,1.00,1.00
2016.12.20 20:19:48.721,1.04822,1.04847,2.25,1.00
2016.12.20 20:19:49.237,1.04823,1.04847,1.00,1.00
2016.12.20 20:19:49.877,1.04823,1.04848,1.00,1.00
2016.12.20 20:19:50.890,1.04825,1.04848,1.00,1.00
2016.12.20 20:19:51.398,1.04824,1.0485,1.50,1.50
2016.12.20 20:19:51.940,1.04824,1.04848,1.50,1.00
2016.12.20 20:19:52.510,1.04823,1.04848,1.00,1.00
2016.12.20 20:19:53.055,1.04824,1.04848,1.00,1.00
2016.12.20 20:19:53.591,1.04823,1.04847,1.00,1.00
2016.12.20 20:19:54.603,1.04824,1.04847,1.00,1.00
2016.12.20 20:19:57.294,1.04822,1.04846,2.25,1.00
2016.12.20 20:19:57.632,1.04823,1.04848,1.00,1.00
2016.12.20 20:19:57.971,1.04825,1.04849,1.00,1.12
2016.12.20 20:19:58.490,1.04824,1.04849,1.50,1.12
2016.12.20 20:19:59.275,1.04824,1.04847,1.00,1.00
2016.12.20 20:19:59.835,1.04823,1.04847,1.00,1.00
2016.12.20 20:20:00.495,1.04824,1.04847,1.00,1.00
2016.12.20 20:20:01.030,1.04823,1.04847,1.00,1.00
2016.12.20 20:20:01.425,1.04824,1.04849,1.00,1.12
2016.12.20 20:20:02.380,1.04823,1.04849,1.50,1.12
2016.12.20 20:20:03.386,1.04825,1.04849,1.00,1.12
2016.12.20 20:20:04.021,1.04824,1.04849,1.00,1.12
2016.12.20 20:20:05.436,1.04823,1.04847,1.50,1.00
2016.12.20 20:20:05.829,1.04823,1.04849,1.50,1.12
2016.12.20 20:20:05.991,1.04823,1.04847,1.50,1.00
2016.12.20 20:20:06.420,1.04823,1.04849,1.50,1.12
2016.12.20 20:20:07.099,1.04824,1.04849,1.00,1.00
2016.12.20 20:20:07.660,1.04823,1.04849,1.00,1.00
2016.12.20 20:20:08.386,1.04823,1.04848,1.00,1.00
2016.12.20 20:20:08.655,1.04822,1.04846,1.50,1.00
2016.12.20 20:20:09.410,1.04822,1.04847,1.50,1.00
2016.12.20 20:20:10.069,1.04823,1.04848,1.00,1.00
2016.12.20 20:20:10.611,1.04822,1.04848,1.50,1.00
2016.12.20 20:20:11.298,1.04823,1.04848,1.00,1.00
2016.12.20 20:20:11.891,1.04824,1.04848,1.00,1.00
2016.12.20 20:20:12.430,1.04822,1.04848,1.00,1.00
2016.12.20 20:20:14.117,1.04822,1.04849,1.50,1.00
2016.12.20 20:20:14.319,1.04825,1.04849,1.00,1.00
2016.12.20 20:20:15.083,1.04823,1.04849,1.00,1.00
2016.12.20 20:20:15.658,1.04824,1.04848,1.00,1.00
2016.12.20 20:20:16.061,1.04822,1.04848,1.50,1.00
2016.12.20 20:20:16.670,1.04822,1.04847,1.00,1.00
2016.12.20 20:20:17.474,1.04823,1.04848,1.00,1.00
2016.12.20 20:20:18.701,1.04822,1.04848,1.00,1.00
2016.12.20 20:20:19.692,1.04821,1.04848,1.87,1.00
2016.12.20 20:20:20.071,1.04823,1.04848,1.00,1.00
2016.12.20 20:20:21.503,1.04823,1.04847,1.00,1.00
2016.12.20 20:20:22.387,1.04822,1.04847,1.00,1.00
2016.12.20 20:20:22.844,1.04824,1.04847,1.00,1.00
2016.12.20 20:20:24.710,1.04823,1.04847,1.50,1.00
2016.12.20 20:20:29.109,1.04823,1.04849,1.50,1.00
2016.12.20 20:20:29.639,1.04824,1.04849,1.00,1.00
2016.12.20 20:20:30.209,1.04824,1.04848,1.00,1.00
2016.12.20 20:20:33.661,1.04825,1.04848,1.00,1.00
2016.12.20 20:20:34.198,1.04824,1.04848,1.00,1.00
2016.12.20 20:20:34.979,1.04823,1.04848,1.00,1.00
2016.12.20 20:20:36.150,1.04824,1.04848,1.00,1.00
2016.12.20 20:20:37.448,1.04824,1.04847,1.00,1.00
2016.12.20 20:20:37.599,1.0483,1.0485,1.00,1.87
2016.12.20 20:20:37.752,1.04835,1.04858,1.00,1.00
2016.12.20 20:20:37.954,1.04834,1.04855,1.00,1.00
2016.12.20 20:20:38.258,1.04836,1.04856,1.00,1.00
2016.12.20 20:20:38.621,1.04837,1.04859,1.00,1.00
2016.12.20 20:20:38.673,1.04834,1.04858,1.00,1.50
2016.12.20 20:20:39.208,1.04835,1.04857,1.00,1.00
2016.12.20 20:20:39.910,1.04836,1.04857,1.00,1.00
2016.12.20 20:20:40.011,1.04834,1.04857,1.50,1.00
2016.12.20 20:20:40.639,1.04835,1.04857,1.00,1.00
2016.12.20 20:20:42.209,1.04834,1.04857,1.50,1.00
2016.12.20 20:20:47.423,1.04832,1.04856,2.25,1.00
2016.12.20 20:20:47.575,1.0483,1.04855,1.00,1.12
2016.12.20 20:20:47.626,1.0483,1.04852,1.00,1.00
2016.12.20 20:20:47.777,1.04824,1.04851,1.00,1.12
2016.12.20 20:20:47.828,1.04824,1.04847,1.00,1.00
2016.12.20 20:20:47.929,1.04824,1.04849,1.00,1.00
2016.12.20 20:20:48.439,1.04825,1.04849,1.50,1.00
2016.12.20 20:20:50.617,1.04825,1.0485,1.00,1.50
2016.12.20 20:20:50.769,1.04822,1.04848,1.00,1.00
2016.12.20 20:20:51.083,1.04821,1.04846,1.00,1.00
2016.12.20 20:20:51.861,1.04821,1.04845,1.00,1.00
2016.12.20 20:20:55.015,1.04821,1.04846,1.00,1.00
2016.12.20 20:20:55.167,1.04822,1.04848,1.00,1.00
2016.12.20 20:20:55.218,1.04825,1.04847,1.50,1.00
2016.12.20 20:20:55.269,1.04825,1.0485,1.50,2.25
2016.12.20 20:20:55.622,1.04822,1.04849,1.00,1.00
2016.12.20 20:20:58.110,1.04823,1.04848,1.00,1.00
2016.12.20 20:20:58.313,1.04822,1.04846,1.00,1.00
2016.12.20 20:20:58.414,1.04822,1.04848,1.00,1.00
2016.12.20 20:20:58.616,1.04821,1.04846,1.00,1.00
2016.12.20 20:21:02.636,1.04821,1.04847,1.00,1.00
2016.12.20 20:21:03.182,1.04822,1.04846,1.00,1.00
2016.12.20 20:21:04.132,1.04822,1.04847,1.00,1.00
2016.12.20 20:21:04.670,1.04821,1.04847,1.00,1.00
2016.12.20 20:21:06.043,1.04822,1.04847,1.00,1.00
2016.12.20 20:21:06.560,1.04822,1.04846,1.00,1.00
2016.12.20 20:21:07.489,1.04822,1.04845,1.00,1.00
2016.12.20 20:21:08.319,1.04822,1.04846,1.00,1.00
2016.12.20 20:21:09.401,1.04822,1.04845,1.00,1.00
2016.12.20 20:21:10.307,1.04822,1.04846,1.00,1.00
2016.12.20 20:21:17.214,1.04822,1.04845,1.00,1.00
2016.12.20 20:21:17.726,1.04822,1.04846,1.00,1.00
2016.12.20 20:21:20.416,1.04821,1.04844,1.00,1.00
2016.12.20 20:21:20.692,1.04821,1.04846,1.00,1.00
2016.12.20 20:21:20.793,1.04823,1.04846,1.00,1.00
2016.12.20 20:21:21.834,1.04821,1.04846,1.00,1.00
2016.12.20 20:21:22.680,1.04821,1.04845,1.00,1.00
2016.12.20 20:21:23.665,1.04821,1.04846,1.00,1.00
2016.12.20 20:21:24.540,1.04821,1.04845,1.00,1.00
2016.12.20 20:21:25.103,1.04821,1.04844,1.00,1.00
2016.12.20 20:21:26.036,1.0482,1.04844,1.12,1.00
2016.12.20 20:21:27.190,1.0482,1.04843,1.12,1.00
2016.12.20 20:21:27.383,1.04822,1.04845,1.00,1.00
2016.12.20 20:21:27.933,1.04821,1.04845,1.00,1.00
2016.12.20 20:21:28.243,1.04819,1.04843,3.37,1.00
2016.12.20 20:21:28.799,1.04822,1.04845,1.00,1.00
2016.12.20 20:21:29.303,1.04821,1.04843,1.00,1.00
2016.12.20 20:21:29.354,1.04821,1.04845,1.00,1.00
2016.12.20 20:21:29.505,1.04823,1.04845,1.00,1.00
2016.12.20 20:21:29.607,1.04821,1.04845,1.00,1.00
2016.12.20 20:21:29.837,1.04821,1.04843,1.50,1.00
2016.12.20 20:21:30.341,1.04823,1.04843,1.00,1.00
2016.12.20 20:21:30.392,1.04823,1.04847,1.00,1.00
2016.12.20 20:21:30.796,1.04824,1.04845,1.00,1.00
2016.12.20 20:21:32.429,1.04824,1.04844,1.00,1.00
2016.12.20 20:21:32.480,1.04821,1.04844,1.87,1.00
2016.12.20 20:21:33.887,1.04822,1.04843,1.00,1.00
2016.12.20 20:21:33.988,1.0482,1.04844,2.25,1.00
2016.12.20 20:21:34.622,1.04821,1.04844,1.00,1.00
2016.12.20 20:21:35.097,1.0482,1.04846,2.25,1.50
2016.12.20 20:21:35.198,1.04822,1.04845,1.00,1.00
2016.12.20 20:21:36.103,1.04822,1.04844,1.00,1.00
2016.12.20 20:21:36.913,1.04821,1.04843,1.00,1.00
2016.12.20 20:21:37.166,1.04823,1.04846,1.00,1.00
2016.12.20 20:21:37.510,1.04823,1.04844,1.50,1.00
2016.12.20 20:21:38.061,1.04822,1.04844,1.00,1.00
2016.12.20 20:21:38.582,1.04823,1.04844,1.00,1.00
2016.12.20 20:21:39.115,1.04822,1.04844,1.50,1.00
2016.12.20 20:21:43.557,1.04823,1.04845,1.00,1.00
2016.12.20 20:21:44.147,1.04822,1.04845,1.00,1.00
2016.12.20 20:21:47.587,1.04823,1.04845,1.00,1.00
2016.12.20 20:21:48.480,1.04822,1.04845,1.00,1.00
2016.12.20 20:21:49.518,1.04821,1.04843,1.50,1.00
2016.12.20 20:21:50.515,1.0482,1.04843,2.25,1.00
2016.12.20 20:21:52.271,1.0482,1.04844,1.12,1.00
2016.12.20 20:21:52.322,1.04822,1.04847,1.00,1.00
2016.12.20 20:21:53.421,1.04822,1.04845,1.00,1.00
2016.12.20 20:21:55.076,1.04822,1.04847,1.00,1.00
2016.12.20 20:21:56.989,1.04822,1.04846,1.00,1.00
2016.12.20 20:22:02.319,1.04822,1.04845,1.00,1.00
2016.12.20 20:22:03.499,1.04822,1.04846,1.00,1.00
2016.12.20 20:22:06.259,1.04821,1.04846,1.00,1.00
2016.12.20 20:22:07.050,1.04821,1.04845,1.00,1.00
2016.12.20 20:22:10.926,1.04819,1.04845,1.37,1.00
2016.12.20 20:22:11.381,1.04822,1.04846,1.00,1.00
2016.12.20 20:22:11.951,1.04821,1.04846,1.00,1.00
2016.12.20 20:22:14.331,1.04821,1.04847,1.00,1.00
2016.12.20 20:22:15.457,1.04821,1.04845,1.00,1.00
2016.12.20 20:22:17.186,1.04821,1.04846,1.00,1.00
2016.12.20 20:22:17.701,1.04821,1.04845,1.00,1.00
2016.12.20 20:22:18.236,1.04821,1.04846,1.00,1.00
2016.12.20 20:22:18.784,1.04821,1.04845,1.00,1.00
2016.12.20 20:22:19.129,1.0482,1.04843,1.12,1.00
2016.12.20 20:22:20.052,1.0482,1.04844,1.12,1.00
2016.12.20 20:22:23.003,1.04819,1.04843,3.00,1.00
2016.12.20 20:22:23.875,1.04819,1.04842,1.87,1.00
2016.12.20 20:22:23.976,1.04819,1.04845,1.37,1.00
2016.12.20 20:22:24.599,1.0482,1.04843,1.12,1.00
2016.12.20 20:22:27.879,1.04825,1.04845,1.00,1.00
2016.12.20 20:22:27.995,1.04825,1.04847,1.37,1.00
2016.12.20 20:22:28.096,1.04826,1.0485,1.12,1.00
2016.12.20 20:22:28.248,1.04827,1.0485,1.37,1.00
2016.12.20 20:22:28.561,1.04825,1.04848,1.75,1.00
2016.12.20 20:22:28.776,1.04824,1.04847,2.25,1.00
2016.12.20 20:22:29.294,1.04822,1.04846,1.37,1.00
2016.12.20 20:22:29.593,1.04821,1.04844,1.87,1.00
2016.12.20 20:22:29.682,1.04819,1.04844,1.50,1.00
2016.12.20 20:22:29.896,1.04818,1.04841,1.12,1.00
2016.12.20 20:22:31.787,1.04818,1.04843,1.12,1.00
2016.12.20 20:22:32.481,1.04819,1.04842,1.00,1.00
2016.12.20 20:22:34.449,1.04819,1.04844,1.00,1.00
2016.12.20 20:22:34.951,1.04821,1.04844,1.00,1.00
2016.12.20 20:22:35.490,1.04822,1.04844,1.00,1.00
2016.12.20 20:22:35.591,1.04819,1.04843,1.00,1.00
2016.12.20 20:22:35.995,1.04817,1.04841,2.62,1.00
2016.12.20 20:22:36.609,1.04817,1.04842,2.62,1.00
2016.12.20 20:22:36.980,1.04818,1.0484,1.37,1.00
2016.12.20 20:22:37.081,1.04818,1.04842,1.37,1.00
2016.12.20 20:22:37.509,1.04818,1.04844,1.87,1.00
2016.12.20 20:22:38.028,1.04819,1.04843,1.87,1.00
2016.12.20 20:22:38.366,1.04823,1.04843,1.00,1.00
2016.12.20 20:22:38.417,1.04823,1.04845,1.00,1.00
2016.12.20 20:22:38.518,1.04821,1.04846,1.87,1.00
2016.12.20 20:22:38.815,1.04821,1.04844,1.12,1.00
2016.12.20 20:22:38.967,1.04819,1.04845,1.12,1.00
2016.12.20 20:22:39.296,1.04822,1.04846,1.12,1.00
2016.12.20 20:22:39.800,1.0482,1.04846,1.12,1.00
2016.12.20 20:22:40.002,1.0482,1.04844,1.12,1.00
2016.12.20 20:22:40.505,1.0482,1.04845,1.12,1.00
2016.12.20 20:22:43.611,1.04821,1.04843,1.00,1.00
2016.12.20 20:22:43.712,1.04819,1.04844,1.50,1.00
2016.12.20 20:22:43.927,1.04819,1.04842,1.00,1.00
2016.12.20 20:22:47.388,1.0482,1.04844,1.00,1.00
2016.12.20 20:22:47.642,1.04817,1.04845,1.00,1.00
2016.12.20 20:22:47.692,1.04817,1.04842,1.00,1.00
2016.12.20 20:22:48.030,1.04817,1.0484,1.00,1.00
2016.12.20 20:22:48.845,1.04816,1.0484,1.00,1.00
2016.12.20 20:22:49.351,1.04816,1.04839,1.00,1.00
2016.12.20 20:22:50.530,1.04815,1.04839,1.00,1.00
2016.12.20 20:22:50.833,1.04814,1.04837,1.00,1.00
2016.12.20 20:22:51.365,1.04814,1.04838,1.00,1.00
2016.12.20 20:22:51.466,1.04812,1.04837,1.00,1.00
2016.12.20 20:22:51.618,1.0481,1.04836,1.87,1.00
2016.12.20 20:22:51.781,1.04814,1.04836,1.00,1.00
2016.12.20 20:22:52.310,1.04813,1.04837,1.00,1.00
2016.12.20 20:23:03.582,1.04811,1.04837,2.25,1.00
2016.12.20 20:23:04.162,1.04812,1.04837,1.00,1.00
2016.12.20 20:23:04.425,1.04811,1.04835,1.00,1.00
2016.12.20 20:23:04.752,1.04818,1.04842,1.12,1.00
2016.12.20 20:23:05.055,1.04817,1.0484,2.25,1.00
2016.12.20 20:23:05.510,1.04815,1.04839,1.12,1.00
2016.12.20 20:23:05.611,1.04817,1.04839,1.00,1.00
2016.12.20 20:23:06.172,1.04816,1.04839,1.50,1.00
2016.12.20 20:23:06.831,1.04817,1.04839,1.12,1.00
2016.12.20 20:23:07.210,1.04819,1.0484,1.00,1.00
2016.12.20 20:23:07.516,1.04821,1.04841,1.00,1.00
2016.12.20 20:23:07.839,1.04819,1.04842,1.00,1.00
2016.12.20 20:23:09.944,1.04819,1.04841,1.50,1.00
2016.12.20 20:23:11.173,1.04819,1.04842,1.50,1.00
2016.12.20 20:23:11.400,1.04819,1.0484,1.00,1.00
2016.12.20 20:23:11.754,1.04818,1.04842,1.00,1.00
2016.12.20 20:23:11.905,1.04818,1.0484,1.12,1.00
2016.12.20 20:23:12.309,1.04818,1.04842,1.12,1.00
2016.12.20 20:23:12.410,1.0482,1.04842,1.00,1.00
2016.12.20 20:23:12.562,1.04817,1.04841,2.25,1.00
2016.12.20 20:23:12.714,1.04817,1.04839,1.50,1.00
2016.12.20 20:23:12.865,1.04819,1.04841,1.00,1.00
2016.12.20 20:23:13.382,1.04817,1.04841,1.50,1.00
2016.12.20 20:23:14.109,1.04817,1.0484,2.25,1.00
2016.12.20 20:23:15.469,1.04818,1.04842,1.12,1.00
2016.12.20 20:23:16.203,1.04818,1.04841,1.12,1.00
2016.12.20 20:23:16.404,1.04816,1.04839,2.62,1.00
2016.12.20 20:23:16.959,1.04818,1.0484,1.12,1.00
2016.12.20 20:23:22.395,1.04817,1.04841,1.50,1.00
2016.12.20 20:23:22.916,1.04817,1.0484,1.12,1.00
2016.12.20 20:23:25.787,1.04819,1.04842,1.12,1.00
2016.12.20 20:23:26.317,1.04817,1.04841,3.37,1.00
2016.12.20 20:23:26.642,1.04817,1.0484,2.25,1.00
2016.12.20 20:23:27.326,1.04817,1.04839,1.50,1.00
2016.12.20 20:23:27.893,1.04817,1.0484,1.50,1.00
2016.12.20 20:23:35.043,1.04818,1.04841,1.50,1.00
2016.12.20 20:23:35.578,1.04819,1.0484,1.00,1.00
2016.12.20 20:23:36.014,1.04817,1.04842,2.25,1.00
2016.12.20 20:23:36.568,1.04818,1.04841,1.00,1.00
2016.12.20 20:23:37.123,1.04816,1.04841,1.87,1.00
2016.12.20 20:23:38.504,1.04819,1.04841,1.00,1.00
2016.12.20 20:23:39.596,1.04818,1.04841,1.00,1.00
2016.12.20 20:23:40.926,1.04814,1.0484,2.25,1.00
2016.12.20 20:23:41.027,1.04813,1.0484,1.00,1.50
2016.12.20 20:23:41.129,1.04814,1.04838,1.00,1.00
2016.12.20 20:23:41.330,1.04815,1.0484,1.00,1.50
2016.12.20 20:23:41.858,1.04815,1.04839,1.00,1.00
2016.12.20 20:23:42.328,1.04813,1.04837,1.50,1.00
2016.12.20 20:23:42.862,1.04814,1.04837,1.00,1.00
2016.12.20 20:23:43.403,1.04813,1.04836,1.50,1.00
2016.12.20 20:23:43.993,1.04812,1.04836,1.50,1.00
2016.12.20 20:23:44.750,1.04813,1.04836,1.00,1.00
2016.12.20 20:23:45.251,1.04812,1.04836,1.50,1.00
2016.12.20 20:23:45.899,1.04812,1.04837,1.50,1.00
2016.12.20 20:23:52.369,1.04813,1.04837,1.00,1.00
2016.12.20 20:23:52.912,1.04818,1.04839,1.00,1.00
2016.12.20 20:23:53.013,1.0482,1.04843,1.00,1.50
2016.12.20 20:23:53.064,1.04823,1.04843,1.00,1.00
2016.12.20 20:23:53.732,1.04822,1.04844,1.00,1.00
2016.12.20 20:23:54.259,1.04823,1.04844,1.00,1.00
2016.12.20 20:23:54.919,1.04822,1.04844,1.00,1.00
2016.12.20 20:23:55.523,1.04821,1.04843,1.87,1.00
2016.12.20 20:23:56.041,1.04822,1.04843,1.00,1.00
2016.12.20 20:23:57.400,1.04821,1.04843,1.12,1.00
2016.12.20 20:23:58.731,1.04821,1.04845,1.12,1.00
2016.12.20 20:23:58.883,1.04823,1.04846,1.00,1.00
2016.12.20 20:23:59.498,1.04824,1.04846,1.00,1.00
2016.12.20 20:24:00.001,1.04823,1.04846,1.00,1.00
2016.12.20 20:24:00.515,1.04823,1.04843,1.00,1.00
2016.12.20 20:24:00.566,1.04817,1.04842,2.25,1.00
2016.12.20 20:24:00.617,1.04814,1.04838,1.50,1.00
2016.12.20 20:24:00.819,1.0481,1.04837,2.25,1.50
2016.12.20 20:24:00.870,1.04811,1.04834,1.00,1.00
2016.12.20 20:24:01.136,1.04817,1.04843,1.12,2.25
2016.12.20 20:24:01.237,1.04819,1.04843,1.00,1.75
2016.12.20 20:24:01.288,1.04821,1.04845,1.50,1.00
2016.12.20 20:24:01.389,1.04819,1.04845,2.25,1.00
2016.12.20 20:24:01.641,1.04821,1.04844,1.00,1.00
2016.12.20 20:24:02.291,1.0482,1.04844,1.00,1.00
2016.12.20 20:24:02.995,1.0482,1.04843,1.00,1.00
2016.12.20 20:24:03.506,1.04819,1.04843,1.00,1.00
2016.12.20 20:24:04.036,1.04819,1.04844,2.25,1.00
2016.12.20 20:24:04.395,1.04821,1.04844,1.00,1.00
2016.12.20 20:24:04.720,1.04819,1.04842,2.25,1.00
2016.12.20 20:24:05.795,1.0482,1.04842,1.00,1.00
2016.12.20 20:24:06.336,1.04819,1.04843,2.25,1.00
2016.12.20 20:24:07.655,1.04821,1.04843,1.00,1.00
2016.12.20 20:24:08.211,1.04821,1.04844,1.00,1.00
2016.12.20 20:24:08.513,1.04818,1.04842,3.00,1.00
2016.12.20 20:24:10.210,1.04818,1.04843,2.25,1.00
2016.12.20 20:24:10.715,1.04821,1.04843,1.00,1.00
2016.12.20 20:24:11.316,1.0482,1.04843,1.12,1.00
2016.12.20 20:24:13.704,1.04819,1.04842,1.37,1.00
2016.12.20 20:24:15.998,1.04819,1.04841,1.37,1.00
2016.12.20 20:24:16.592,1.04818,1.04842,2.25,1.00
2016.12.20 20:24:17.140,1.04818,1.04843,3.00,1.00
2016.12.20 20:24:17.658,1.04818,1.04842,2.25,1.00
2016.12.20 20:24:22.753,1.04818,1.04843,1.87,1.00
2016.12.20 20:24:23.261,1.0482,1.04843,1.00,1.00
2016.12.20 20:24:23.835,1.0482,1.04844,1.00,1.00
2016.12.20 20:24:24.152,1.04819,1.04842,1.12,1.00
2016.12.20 20:24:27.377,1.04819,1.04843,1.87,1.00
2016.12.20 20:24:27.810,1.04821,1.04844,1.00,1.00
2016.12.20 20:24:28.454,1.04821,1.04843,1.00,1.00
2016.12.20 20:24:28.973,1.0482,1.04843,1.00,1.00
2016.12.20 20:24:29.514,1.0482,1.04844,1.00,1.00
2016.12.20 20:24:30.043,1.0482,1.04843,1.00,1.00
2016.12.20 20:24:30.621,1.0482,1.04842,1.50,1.00
2016.12.20 20:24:31.148,1.04821,1.04843,1.00,1.00
2016.12.20 20:24:31.771,1.0482,1.04843,1.00,1.00
2016.12.20 20:24:32.325,1.04822,1.04843,1.00,1.00
2016.12.20 20:24:32.477,1.0482,1.04843,1.50,1.00
2016.12.20 20:24:33.097,1.04822,1.04843,1.00,1.00
2016.12.20 20:24:33.670,1.04821,1.04843,1.00,1.00
2016.12.20 20:24:34.203,1.0482,1.04844,1.50,1.00
2016.12.20 20:24:34.710,1.04821,1.04844,1.00,1.00
2016.12.20 20:24:35.292,1.0482,1.04844,1.87,1.00
2016.12.20 20:24:35.734,1.04822,1.04844,1.00,1.00
2016.12.20 20:24:36.466,1.04821,1.04843,1.00,1.00
2016.12.20 20:24:37.127,1.0482,1.04843,1.87,1.00
2016.12.20 20:24:37.661,1.04821,1.04844,1.00,1.00
2016.12.20 20:24:38.180,1.0482,1.04844,1.87,1.00
2016.12.20 20:24:38.685,1.04821,1.04844,1.00,1.00
2016.12.20 20:24:39.235,1.04821,1.04843,1.00,1.00
2016.12.20 20:24:41.451,1.0482,1.04844,2.62,1.00
2016.12.20 20:24:41.970,1.04821,1.04844,1.00,1.00
2016.12.20 20:24:42.548,1.04821,1.04845,1.00,1.00
2016.12.20 20:24:43.065,1.0482,1.04844,1.87,1.00
2016.12.20 20:24:45.058,1.04821,1.04844,1.00,1.00
2016.12.20 20:24:46.615,1.0482,1.04845,1.87,1.00
2016.12.20 20:24:46.963,1.0482,1.04843,1.87,1.00
2016.12.20 20:24:47.483,1.0482,1.04845,1.12,1.00
2016.12.20 20:24:47.990,1.04821,1.04845,1.00,1.00
2016.12.20 20:24:48.509,1.04821,1.04846,1.00,1.00
2016.12.20 20:24:50.051,1.04821,1.04845,1.00,1.00
2016.12.20 20:24:50.562,1.04822,1.04845,1.00,1.00
2016.12.20 20:24:51.462,1.04821,1.04845,1.00,1.00
2016.12.20 20:24:52.074,1.04821,1.04844,1.00,1.00
2016.12.20 20:24:52.668,1.0482,1.04844,1.12,1.00
2016.12.20 20:24:53.112,1.0482,1.04842,1.12,1.00
2016.12.20 20:24:53.615,1.0482,1.04843,1.12,1.00
2016.12.20 20:24:54.580,1.0482,1.04845,1.12,1.00
2016.12.20 20:24:55.004,1.04822,1.04845,1.00,1.00
2016.12.20 20:24:56.439,1.0482,1.04845,3.37,1.00
2016.12.20 20:24:57.552,1.04823,1.04845,1.00,1.00
2016.12.20 20:24:58.549,1.04822,1.04845,1.00,1.00
2016.12.20 20:24:59.120,1.04821,1.04845,1.50,1.00
2016.12.20 20:24:59.649,1.04822,1.04845,1.00,1.00
2016.12.20 20:25:03.699,1.04821,1.04845,1.50,1.00
2016.12.20 20:25:05.112,1.04822,1.04845,1.00,1.00
2016.12.20 20:25:05.722,1.04822,1.04846,1.00,1.00
2016.12.20 20:25:07.711,1.04821,1.04846,2.25,1.00
2016.12.20 20:25:08.018,1.04821,1.04844,1.50,1.00
2016.12.20 20:25:09.070,1.04821,1.04845,1.50,1.00
2016.12.20 20:25:10.567,1.04823,1.04845,1.00,1.00
2016.12.20 20:25:11.106,1.04822,1.04845,1.50,1.00
2016.12.20 20:25:12.447,1.04821,1.04845,2.25,1.00
2016.12.20 20:25:12.750,1.04824,1.04846,1.50,1.00
2016.12.20 20:25:12.952,1.04821,1.04845,1.00,1.00
2016.12.20 20:25:13.103,1.04821,1.04842,1.00,1.00
2016.12.20 20:25:13.411,1.04822,1.04844,1.00,1.00
2016.12.20 20:25:14.063,1.04823,1.04844,1.00,1.00
2016.12.20 20:25:15.468,1.04822,1.04844,1.00,1.00
2016.12.20 20:25:15.981,1.04821,1.04844,2.25,1.00
2016.12.20 20:25:16.031,1.04824,1.04844,1.00,1.00
2016.12.20 20:25:16.314,1.04821,1.04846,2.25,1.00
2016.12.20 20:25:16.849,1.04823,1.04845,1.00,1.00
2016.12.20 20:25:17.456,1.04823,1.04844,1.00,1.00
2016.12.20 20:25:18.269,1.04822,1.04844,1.50,1.00
2016.12.20 20:25:18.796,1.04823,1.04844,1.00,1.00
2016.12.20 20:25:19.586,1.04822,1.04844,1.50,1.00
2016.12.20 20:25:25.249,1.04824,1.04844,1.00,1.00
2016.12.20 20:25:25.869,1.04824,1.04845,1.00,1.00
2016.12.20 20:25:26.356,1.04822,1.04845,1.50,1.00
2016.12.20 20:25:26.886,1.04823,1.04845,1.00,1.00
2016.12.20 20:25:27.509,1.04823,1.04844,1.00,1.00
2016.12.20 20:25:29.716,1.04822,1.04844,1.50,1.00
2016.12.20 20:25:31.718,1.04823,1.04844,1.00,1.00
2016.12.20 20:25:33.927,1.04822,1.04844,1.50,1.00
2016.12.20 20:25:34.639,1.04822,1.04847,2.25,1.50
2016.12.20 20:25:34.689,1.04824,1.04847,1.00,1.00
2016.12.20 20:25:35.433,1.04825,1.04846,1.00,1.00
2016.12.20 20:25:36.122,1.04824,1.04846,1.00,1.00
2016.12.20 20:25:36.428,1.04824,1.04844,1.00,1.00
2016.12.20 20:25:37.085,1.04823,1.04844,1.50,1.00
2016.12.20 20:25:37.254,1.04823,1.04846,1.50,1.00
2016.12.20 20:25:39.203,1.04824,1.04846,1.00,1.00
2016.12.20 20:25:39.626,1.04829,1.04851,1.50,1.50
2016.12.20 20:25:39.727,1.04831,1.04853,1.37,1.00
2016.12.20 20:25:39.937,1.04832,1.04855,1.12,1.00
2016.12.20 20:25:40.189,1.04834,1.04856,1.00,1.00
2016.12.20 20:25:40.690,1.04833,1.04855,1.00,1.00
2016.12.20 20:25:41.817,1.04831,1.04854,1.00,1.00
2016.12.20 20:25:42.016,1.04831,1.04851,1.00,1.00
2016.12.20 20:25:42.117,1.04826,1.0485,1.50,1.00
2016.12.20 20:25:42.632,1.04826,1.04849,1.12,1.00
2016.12.20 20:25:43.148,1.04827,1.0485,1.00,1.00
2016.12.20 20:25:43.299,1.0483,1.04851,1.00,1.00
2016.12.20 20:25:43.350,1.0483,1.04853,2.62,1.50
2016.12.20 20:25:43.832,1.04831,1.04851,1.00,1.00
2016.12.20 20:25:44.006,1.04832,1.04853,1.00,1.00
2016.12.20 20:25:44.845,1.04831,1.04853,2.25,1.00
2016.12.20 20:25:45.364,1.04832,1.04853,1.00,1.00
2016.12.20 20:25:45.961,1.04833,1.04854,1.00,1.00
2016.12.20 20:25:46.338,1.04831,1.04853,2.25,1.00
2016.12.20 20:25:46.903,1.04831,1.04852,1.50,1.00
2016.12.20 20:25:47.611,1.04832,1.04852,1.50,1.00
2016.12.20 20:25:48.476,1.04831,1.04854,1.50,1.00
2016.12.20 20:25:49.868,1.04832,1.04854,1.00,1.00
2016.12.20 20:25:50.403,1.04831,1.04854,1.50,1.00
2016.12.20 20:25:50.976,1.04832,1.04854,1.00,1.00
2016.12.20 20:25:54.389,1.04832,1.04855,1.00,1.00
2016.12.20 20:25:55.436,1.04832,1.04856,1.50,1.00
2016.12.20 20:25:57.759,1.04833,1.04856,1.00,1.00
2016.12.20 20:25:58.261,1.04832,1.04856,1.00,1.00
2016.12.20 20:26:00.012,1.04832,1.04853,1.00,1.00
2016.12.20 20:26:00.316,1.0483,1.04852,1.87,1.00
2016.12.20 20:26:00.619,1.04827,1.0485,2.62,1.00
2016.12.20 20:26:00.923,1.04824,1.04847,2.62,1.00
2016.12.20 20:26:01.431,1.04825,1.04847,1.12,1.00
2016.12.20 20:26:05.062,1.04826,1.04847,1.00,1.00
2016.12.20 20:26:05.948,1.04825,1.04847,1.12,1.00
2016.12.20 20:26:12.859,1.04824,1.04848,1.50,1.00
2016.12.20 20:26:13.887,1.04826,1.04848,1.00,1.00
2016.12.20 20:26:14.089,1.04824,1.04846,1.87,1.00
2016.12.20 20:26:14.753,1.04823,1.04847,3.00,1.00
2016.12.20 20:26:15.290,1.04823,1.04846,3.00,1.00
2016.12.20 20:26:17.168,1.04824,1.04846,1.12,1.00
2016.12.20 20:26:17.682,1.04823,1.04846,2.25,1.00
2016.12.20 20:26:18.336,1.04826,1.04846,1.00,1.00
2016.12.20 20:26:18.484,1.04824,1.04849,1.50,1.00
2016.12.20 20:26:18.817,1.04825,1.04847,1.00,1.00
2016.12.20 20:26:20.350,1.04824,1.04847,1.50,1.00
2016.12.20 20:26:20.664,1.04823,1.04845,1.87,1.00
2016.12.20 20:26:21.354,1.04823,1.04847,2.25,1.00
2016.12.20 20:26:22.103,1.04823,1.04846,2.25,1.00
2016.12.20 20:26:27.496,1.04822,1.04846,3.67,1.00
2016.12.20 20:26:28.000,1.04824,1.04846,1.00,1.00
2016.12.20 20:26:28.431,1.04822,1.04846,2.25,1.00
2016.12.20 20:26:29.036,1.04823,1.04846,1.00,1.00
2016.12.20 20:26:29.695,1.04822,1.04846,2.25,1.00
2016.12.20 20:26:31.448,1.04828,1.04848,1.00,1.00
2016.12.20 20:26:31.499,1.04827,1.04851,1.00,1.50
2016.12.20 20:26:31.550,1.04829,1.04853,1.12,1.00
2016.12.20 20:26:31.853,1.04828,1.04848,1.00,1.00
2016.12.20 20:26:32.054,1.04823,1.04846,1.00,1.50
2016.12.20 20:26:32.600,1.04823,1.04845,1.00,1.00
2016.12.20 20:26:33.389,1.04823,1.04846,1.00,1.00
2016.12.20 20:26:33.926,1.04823,1.04847,1.00,1.00
2016.12.20 20:26:34.218,1.0482,1.04844,2.25,1.00
2016.12.20 20:26:34.719,1.0482,1.04843,1.12,1.00
2016.12.20 20:26:34.820,1.0482,1.04845,1.87,1.00
2016.12.20 20:26:35.546,1.04821,1.04846,1.50,1.50
2016.12.20 20:26:36.090,1.04821,1.04845,2.25,1.00
2016.12.20 20:26:36.644,1.04821,1.04844,1.50,1.00
2016.12.20 20:26:37.268,1.04823,1.04845,1.12,1.00
2016.12.20 20:26:37.369,1.04822,1.04847,1.50,1.00
2016.12.20 20:26:37.961,1.04822,1.04846,1.50,1.00
2016.12.20 20:26:39.086,1.04823,1.04846,1.00,1.00
2016.12.20 20:26:39.699,1.04824,1.04846,1.00,1.00
2016.12.20 20:26:40.208,1.04824,1.04847,1.00,1.00
2016.12.20 20:26:40.932,1.04823,1.04847,1.00,1.00
2016.12.20 20:26:41.446,1.04822,1.04846,1.50,1.00
2016.12.20 20:26:41.726,1.0482,1.04845,2.62,1.00
2016.12.20 20:26:42.246,1.04821,1.04845,1.00,1.00
2016.12.20 20:26:44.007,1.0482,1.04845,2.62,1.00
2016.12.20 20:26:44.596,1.04821,1.04845,1.00,1.00
2016.12.20 20:26:45.129,1.0482,1.04845,2.62,1.00
2016.12.20 20:26:46.162,1.04821,1.04845,1.00,1.00
2016.12.20 20:26:48.708,1.0482,1.04845,2.62,1.00
2016.12.20 20:26:49.242,1.0482,1.04844,2.62,1.00
2016.12.20 20:26:50.439,1.04822,1.04846,1.00,1.50
2016.12.20 20:26:50.943,1.04821,1.04845,1.50,1.00
2016.12.20 20:26:52.323,1.04819,1.04844,2.62,1.00
2016.12.20 20:26:52.831,1.0482,1.04845,1.12,1.50
2016.12.20 20:26:55.002,1.04821,1.04846,1.00,1.00
2016.12.20 20:26:55.255,1.04822,1.04848,1.00,1.00
2016.12.20 20:26:55.306,1.04822,1.04846,1.00,1.00
2016.12.20 20:26:55.839,1.04823,1.04846,1.00,1.00
2016.12.20 20:26:56.407,1.04822,1.04846,1.00,1.00
2016.12.20 20:26:56.912,1.04821,1.04845,1.12,1.00
2016.12.20 20:26:57.349,1.04822,1.04847,1.50,1.00
2016.12.20 20:26:57.551,1.04819,1.04843,1.50,1.00
2016.12.20 20:27:00.997,1.04819,1.04844,1.50,1.50
2016.12.20 20:27:08.515,1.04819,1.04842,1.87,1.00
2016.12.20 20:27:08.870,1.04819,1.04844,2.62,1.00
2016.12.20 20:27:09.404,1.0482,1.04844,1.12,1.00
2016.12.20 20:27:09.931,1.0482,1.04843,1.12,1.00
2016.12.20 20:27:17.164,1.0482,1.04842,1.12,1.00
2016.12.20 20:27:18.420,1.0482,1.04843,1.12,1.00
2016.12.20 20:27:18.522,1.04818,1.04845,2.62,1.00
2016.12.20 20:27:19.458,1.0482,1.04844,1.12,1.00
2016.12.20 20:27:21.335,1.04819,1.04842,1.50,1.00
2016.12.20 20:27:25.477,1.04819,1.04844,1.50,1.00
2016.12.20 20:27:25.528,1.04819,1.04843,1.50,1.37
2016.12.20 20:27:25.578,1.04818,1.04843,1.50,1.00
2016.12.20 20:27:25.630,1.04815,1.0484,1.12,1.00
2016.12.20 20:27:25.731,1.04813,1.04836,1.00,1.00
2016.12.20 20:27:25.833,1.04808,1.04836,2.25,1.50
2016.12.20 20:27:25.888,1.04808,1.04834,3.00,1.00
2016.12.20 20:27:26.416,1.0481,1.04834,1.00,1.00
2016.12.20 20:27:26.920,1.04809,1.04834,1.12,1.00
2016.12.20 20:27:27.223,1.04811,1.04836,1.00,1.00
2016.12.20 20:27:27.375,1.04812,1.04838,1.00,1.00
2016.12.20 20:27:27.425,1.04812,1.04838,1.87,1.50
2016.12.20 20:27:27.968,1.04813,1.04837,1.50,1.00
2016.12.20 20:27:28.321,1.04812,1.04839,1.00,1.00
2016.12.20 20:27:28.422,1.04815,1.04839,1.00,1.00
2016.12.20 20:27:29.419,1.04813,1.04839,1.87,1.00
2016.12.20 20:27:29.571,1.04813,1.04837,1.00,1.00
2016.12.20 20:27:30.076,1.04812,1.04836,1.00,1.00
2016.12.20 20:27:30.177,1.04812,1.04838,1.50,1.87
2016.12.20 20:27:30.480,1.04814,1.04838,1.00,1.87
2016.12.20 20:27:30.581,1.04812,1.04838,1.00,1.50
2016.12.20 20:27:30.834,1.04811,1.04836,1.50,1.00
2016.12.20 20:27:31.370,1.04811,1.04835,1.00,1.00
2016.12.20 20:27:32.072,1.04811,1.04834,1.00,1.00
2016.12.20 20:27:32.173,1.04812,1.04836,1.00,1.50
2016.12.20 20:27:32.426,1.04814,1.04837,1.00,1.00
2016.12.20 20:27:32.780,1.04812,1.04838,1.50,1.50
2016.12.20 20:27:33.350,1.04813,1.04838,1.00,1.00
2016.12.20 20:27:33.857,1.04813,1.04837,1.00,1.00
2016.12.20 20:27:35.913,1.04811,1.04836,1.50,1.00
2016.12.20 20:27:36.443,1.04813,1.04836,1.00,1.00
2016.12.20 20:27:36.958,1.04813,1.04837,1.50,1.00
2016.12.20 20:27:37.786,1.04813,1.04836,1.50,1.00
2016.12.20 20:27:39.418,1.04809,1.04835,1.50,1.00
2016.12.20 20:27:39.469,1.04809,1.04833,1.50,1.00
2016.12.20 20:27:39.520,1.04807,1.04833,2.25,1.00
2016.12.20 20:27:39.621,1.04809,1.04835,1.12,1.00
2016.12.20 20:27:39.722,1.04811,1.04836,1.00,1.00
2016.12.20 20:27:40.226,1.0481,1.04835,1.87,1.00
2016.12.20 20:27:40.529,1.04813,1.04835,1.00,1.00
2016.12.20 20:27:41.066,1.04814,1.04836,1.00,1.00
2016.12.20 20:27:41.167,1.04814,1.04838,1.87,1.00
2016.12.20 20:27:41.218,1.04815,1.04838,1.75,1.00
2016.12.20 20:27:42.747,1.04815,1.04839,1.37,1.00
2016.12.20 20:27:43.257,1.04815,1.04839,1.12,1.00
2016.12.20 20:27:43.877,1.04814,1.04838,1.37,1.00
2016.12.20 20:27:44.414,1.04814,1.04838,1.00,1.00
2016.12.20 20:27:45.058,1.04814,1.04835,1.00,1.00
2016.12.20 20:27:45.311,1.04815,1.04839,1.50,1.00
2016.12.20 20:27:45.470,1.04815,1.04837,1.87,1.00
2016.12.20 20:27:47.258,1.04814,1.04838,1.75,1.00
2016.12.20 20:27:48.440,1.04814,1.04837,1.75,1.00
2016.12.20 20:27:49.258,1.04814,1.04837,1.37,1.00
2016.12.20 20:27:49.861,1.04814,1.04837,1.00,1.00
2016.12.20 20:27:51.460,1.04814,1.04836,1.00,1.00
2016.12.20 20:27:51.611,1.04811,1.04835,1.37,1.00
2016.12.20 20:27:51.890,1.04809,1.04833,1.50,1.00
2016.12.20 20:27:52.621,1.04808,1.04833,1.87,1.00
2016.12.20 20:27:53.422,1.04808,1.04834,1.37,1.00
2016.12.20 20:27:53.472,1.04813,1.04837,1.37,1.00
2016.12.20 20:27:53.573,1.04816,1.0484,1.00,1.00
2016.12.20 20:27:53.674,1.04817,1.04842,1.00,1.00
2016.12.20 20:27:54.585,1.04816,1.04843,1.50,1.12
2016.12.20 20:27:54.636,1.04817,1.04841,1.00,1.00
2016.12.20 20:27:55.159,1.04818,1.04842,1.00,1.00
2016.12.20 20:27:59.425,1.04819,1.04842,1.00,1.00
2016.12.20 20:27:59.627,1.04821,1.04845,1.00,1.00
2016.12.20 20:28:00.158,1.04822,1.04844,1.12,1.00
2016.12.20 20:28:00.259,1.04817,1.04843,1.37,1.00
2016.12.20 20:28:00.360,1.04814,1.04841,1.00,1.00
2016.12.20 20:28:00.511,1.04814,1.04838,1.00,1.00
2016.12.20 20:28:01.017,1.04813,1.04839,1.87,1.00
2016.12.20 20:28:01.722,1.04813,1.0484,1.12,1.00
2016.12.20 20:28:03.800,1.04818,1.04841,1.00,1.00
2016.12.20 20:28:03.902,1.04819,1.04846,1.00,1.50
2016.12.20 20:28:04.021,1.04821,1.04846,1.12,1.12
2016.12.20 20:28:05.012,1.04821,1.04845,1.12,1.00
2016.12.20 20:28:11.582,1.0482,1.04844,1.50,1.00
2016.12.20 20:28:12.109,1.04819,1.04843,2.62,1.00
2016.12.20 20:28:15.466,1.04819,1.04842,2.62,1.00
2016.12.20 20:28:18.572,1.04819,1.04844,3.37,1.00
2016.12.20 20:28:24.960,1.0482,1.04844,2.62,1.00
2016.12.20 20:28:25.112,1.04821,1.04844,1.87,1.00
2016.12.20 20:28:25.672,1.04821,1.04843,1.00,1.00
2016.12.20 20:28:26.317,1.04822,1.04843,1.00,1.00
2016.12.20 20:28:26.864,1.04821,1.04843,1.00,1.00
2016.12.20 20:28:27.523,1.04821,1.04844,1.00,1.00
2016.12.20 20:28:28.073,1.04822,1.04844,1.00,1.00
2016.12.20 20:28:28.710,1.04821,1.04844,1.50,1.00
2016.12.20 20:28:29.410,1.04823,1.04844,1.00,1.00
2016.12.20 20:28:29.561,1.04821,1.04844,1.00,1.00
2016.12.20 20:28:35.376,1.04821,1.04843,1.50,1.00
2016.12.20 20:28:35.528,1.04819,1.04843,1.00,1.00
2016.12.20 20:28:35.831,1.04817,1.04843,1.12,1.50
2016.12.20 20:28:35.961,1.04817,1.04841,1.12,1.00
2016.12.20 20:28:36.498,1.04817,1.04842,1.12,1.00
2016.12.20 20:28:37.555,1.04818,1.04843,1.00,1.00
2016.12.20 20:28:38.453,1.04818,1.04844,1.00,1.00
2016.12.20 20:28:40.248,1.04817,1.04844,1.12,1.00
2016.12.20 20:28:40.551,1.04819,1.04845,1.50,1.00
2016.12.20 20:28:40.853,1.04819,1.04842,1.00,1.00
2016.12.20 20:28:42.579,1.04819,1.04843,1.00,1.00
2016.12.20 20:28:44.485,1.04819,1.04841,1.00,1.00
2016.12.20 20:28:45.178,1.04817,1.04839,1.87,1.00
2016.12.20 20:28:45.358,1.04817,1.04841,1.87,1.00
2016.12.20 20:28:45.864,1.04818,1.04841,1.75,1.00
2016.12.20 20:28:50.708,1.04818,1.04839,1.75,1.00
2016.12.20 20:28:51.361,1.04817,1.04839,1.12,1.00
2016.12.20 20:28:52.144,1.04817,1.0484,1.12,1.00
2016.12.20 20:28:56.973,1.04817,1.0484,1.12,1.00
2016.12.20 20:28:57.476,1.04817,1.04841,2.62,1.00
2016.12.20 20:28:57.978,1.04818,1.0484,1.00,1.00
2016.12.20 20:28:58.130,1.04818,1.04842,1.00,1.00
2016.12.20 20:29:01.146,1.04819,1.04841,1.50,1.00
2016.12.20 20:29:01.348,1.04817,1.04841,1.12,1.00
2016.12.20 20:29:01.651,1.04816,1.04838,1.50,1.00
2016.12.20 20:29:02.272,1.04816,1.04839,1.00,1.00
2016.12.20 20:29:03.312,1.04817,1.04839,1.00,1.00
2016.12.20 20:29:03.465,1.04818,1.04841,1.50,1.00
2016.12.20 20:29:05.217,1.04819,1.04841,1.00,1.00
2016.12.20 20:29:05.789,1.04817,1.04841,1.87,1.00
2016.12.20 20:29:06.892,1.04819,1.04841,1.00,1.00
2016.12.20 20:29:07.899,1.04818,1.04841,1.87,1.00
2016.12.20 20:29:18.119,1.04819,1.04841,1.00,1.00
2016.12.20 20:29:18.373,1.04821,1.0484,1.00,1.00
2016.12.20 20:29:18.423,1.04818,1.0484,1.50,1.00
2016.12.20 20:29:19.000,1.04818,1.04839,1.12,1.00
2016.12.20 20:29:20.007,1.04817,1.04839,1.50,1.00
2016.12.20 20:29:20.808,1.04817,1.0484,1.50,1.00
2016.12.20 20:29:21.464,1.04817,1.0484,1.50,1.00
2016.12.20 20:29:22.103,1.04817,1.0484,1.50,1.00
2016.12.20 20:29:24.098,1.04817,1.0484,1.50,1.00
2016.12.20 20:29:24.764,1.04817,1.0484,1.50,1.00
2016.12.20 20:29:25.393,1.04817,1.0484,1.12,1.00
2016.12.20 20:29:27.198,1.04817,1.04841,1.12,1.00
2016.12.20 20:29:27.400,1.04817,1.04839,1.00,1.00
2016.12.20 20:29:27.911,1.04817,1.0484,1.00,1.00
2016.12.20 20:29:28.448,1.04816,1.0484,1.12,1.00
2016.12.20 20:29:28.750,1.04814,1.04838,1.50,1.00
2016.12.20 20:29:29.088,1.04816,1.04838,1.00,1.00
2016.12.20 20:29:29.356,1.04814,1.04838,1.00,1.00
2016.12.20 20:29:29.674,1.04815,1.0484,1.00,1.00
2016.12.20 20:29:30.418,1.04815,1.0484,1.37,1.00
2016.12.20 20:29:30.933,1.04816,1.04841,1.12,1.00
2016.12.20 20:29:40.267,1.04817,1.04841,1.00,1.00
2016.12.20 20:29:40.770,1.04817,1.04841,1.50,1.00
2016.12.20 20:29:44.509,1.04817,1.04842,1.50,1.00
2016.12.20 20:29:44.711,1.0482,1.04843,1.00,1.00
2016.12.20 20:29:45.390,1.0482,1.04844,1.00,1.00
2016.12.20 20:29:53.643,1.0482,1.04842,1.00,1.00
2016.12.20 20:29:54.469,1.0482,1.04843,1.00,1.00
2016.12.20 20:29:54.992,1.0482,1.04844,1.00,1.00
2016.12.20 20:30:00.167,1.0482,1.04845,1.00,1.00
2016.12.20 20:30:00.675,1.0482,1.04844,1.00,1.00
2016.12.20 20:30:01.214,1.0482,1.04843,1.00,1.00
2016.12.20 20:30:03.515,1.0482,1.04844,1.00,1.00
2016.12.20 20:30:04.331,1.0482,1.04843,1.00,1.00
2016.12.20 20:30:04.941,1.0482,1.04844,1.00,1.00
2016.12.20 20:30:06.600,1.04821,1.04844,1.37,1.00
2016.12.20 20:30:07.356,1.04821,1.04843,1.50,1.00
2016.12.20 20:30:07.913,1.04821,1.04842,1.50,1.00
2016.12.20 20:30:08.623,1.04821,1.04843,1.50,1.00
2016.12.20 20:30:11.144,1.0482,1.04842,1.75,1.00
2016.12.20 20:30:11.396,1.0482,1.04841,1.00,1.00
2016.12.20 20:30:11.659,1.04819,1.04835,1.00,1.00
2016.12.20 20:30:11.912,1.04816,1.04835,1.00,1.00
2016.12.20 20:30:11.962,1.04816,1.04832,1.00,1.00
2016.12.20 20:30:12.013,1.04814,1.04832,1.12,1.00
2016.12.20 20:30:14.290,1.04814,1.04831,1.00,1.00
2016.12.20 20:30:16.711,1.04814,1.04832,1.00,1.00
2016.12.20 20:30:18.246,1.04813,1.04837,1.00,1.00
2016.12.20 20:30:18.379,1.04815,1.04837,1.00,1.00
2016.12.20 20:30:18.712,1.04814,1.04838,3.00,1.50
2016.12.20 20:30:20.575,1.04817,1.04839,1.12,1.50
2016.12.20 20:30:21.402,1.04817,1.04838,1.12,1.00
2016.12.20 20:30:22.748,1.04815,1.04837,3.00,1.00
2016.12.20 20:30:27.980,1.04816,1.04838,2.25,1.00
2016.12.20 20:30:28.233,1.04811,1.04835,1.12,1.00
2016.12.20 20:30:28.737,1.04812,1.04834,1.00,1.00
2016.12.20 20:30:29.437,1.04812,1.04835,1.00,1.00
2016.12.20 20:30:29.639,1.04812,1.04837,1.00,1.00
2016.12.20 20:30:30.222,1.04812,1.04838,1.00,1.50
2016.12.20 20:30:37.610,1.04812,1.04837,1.00,1.00
2016.12.20 20:30:38.894,1.04811,1.04837,1.00,1.00
2016.12.20 20:30:56.141,1.04811,1.04838,1.00,1.00
2016.12.20 20:30:56.342,1.0481,1.04834,1.50,1.00
2016.12.20 20:31:03.017,1.04811,1.04834,1.00,1.00
2016.12.20 20:31:09.041,1.0481,1.04834,1.00,1.00
2016.12.20 20:31:47.317,1.04809,1.04834,1.00,1.50
2016.12.20 20:31:47.675,1.04809,1.04832,1.00,1.00
2016.12.20 20:31:48.415,1.0481,1.04834,1.00,1.00
2016.12.20 20:31:49.156,1.04809,1.04833,1.00,1.00
2016.12.20 20:31:49.815,1.04809,1.04834,1.00,1.00
2016.12.20 20:31:50.786,1.04809,1.04833,1.00,1.00
2016.12.20 20:31:51.295,1.04809,1.04834,1.00,1.00
2016.12.20 20:31:51.501,1.0481,1.04837,1.00,1.00
2016.12.20 20:31:52.127,1.0481,1.04836,1.00,1.00
2016.12.20 20:31:52.656,1.0481,1.04837,1.00,1.00
2016.12.20 20:31:54.236,1.04809,1.04836,1.00,1.00
2016.12.20 20:31:54.806,1.04809,1.04834,1.00,1.00
2016.12.20 20:31:55.398,1.04809,1.04835,1.00,1.00
2016.12.20 20:31:56.859,1.04809,1.04837,1.00,1.50
2016.12.20 20:31:58.256,1.04809,1.04836,1.00,1.00
2016.12.20 20:31:58.827,1.04809,1.04834,1.00,1.00
2016.12.20 20:32:00.378,1.04809,1.04833,1.00,1.00
2016.12.20 20:32:00.428,1.04809,1.04836,1.00,1.00
2016.12.20 20:32:00.956,1.04808,1.04836,1.00,1.50
2016.12.20 20:32:02.014,1.04809,1.04836,1.00,1.00
2016.12.20 20:32:02.065,1.04808,1.04834,1.00,1.00
2016.12.20 20:32:02.366,1.04809,1.04831,1.00,1.00
2016.12.20 20:32:02.973,1.04809,1.04832,1.00,1.00
2016.12.20 20:32:03.024,1.04809,1.04834,1.00,1.00
2016.12.20 20:32:03.938,1.04811,1.04834,1.00,1.00
2016.12.20 20:32:04.652,1.0481,1.04837,1.37,1.00
2016.12.20 20:32:05.213,1.04811,1.04839,1.12,1.00
2016.12.20 20:32:05.365,1.04811,1.04834,1.12,1.00
2016.12.20 20:32:11.960,1.04811,1.04838,1.12,1.50
2016.12.20 20:32:12.615,1.04811,1.04837,1.12,1.00
2016.12.20 20:32:13.147,1.0481,1.04836,1.37,1.00
2016.12.20 20:32:13.263,1.0481,1.04833,1.37,1.00
2016.12.20 20:32:19.702,1.04809,1.04835,1.87,1.00
2016.12.20 20:32:20.528,1.04809,1.04833,1.87,1.00
2016.12.20 20:32:24.713,1.04809,1.04834,1.87,1.00
2016.12.20 20:32:26.650,1.04809,1.04836,1.87,1.50
2016.12.20 20:32:26.701,1.04809,1.04836,1.12,1.50
2016.12.20 20:32:27.641,1.04809,1.04835,1.12,1.00
2016.12.20 20:32:36.560,1.04809,1.04836,1.00,1.00
2016.12.20 20:32:37.174,1.0481,1.04836,1.00,1.00
2016.12.20 20:32:37.712,1.0481,1.04835,1.00,1.00
2016.12.20 20:32:40.085,1.04809,1.04835,1.50,1.00
2016.12.20 20:32:40.609,1.04809,1.04836,1.50,1.00
2016.12.20 20:32:42.688,1.0481,1.04837,1.00,1.00
2016.12.20 20:32:43.623,1.04809,1.04837,1.87,1.00
2016.12.20 20:32:43.944,1.04816,1.04838,1.00,1.00
2016.12.20 20:32:44.197,1.04815,1.0484,1.50,1.00
2016.12.20 20:32:44.766,1.04815,1.04839,3.00,1.00
2016.12.20 20:32:46.550,1.04818,1.0484,1.00,1.00
2016.12.20 20:32:47.649,1.04819,1.0484,1.00,1.00
2016.12.20 20:32:48.198,1.04818,1.0484,1.50,1.00
2016.12.20 20:32:50.154,1.04819,1.04839,1.00,1.00
2016.12.20 20:32:50.255,1.04817,1.04839,1.50,1.00
2016.12.20 20:32:51.039,1.04818,1.04839,1.00,1.00
2016.12.20 20:32:51.748,1.04815,1.04839,2.62,1.00
2016.12.20 20:32:51.799,1.04816,1.04837,1.37,1.00
2016.12.20 20:32:51.900,1.04813,1.04839,2.25,1.00
2016.12.20 20:32:51.951,1.04813,1.04839,1.50,1.00
2016.12.20 20:32:52.254,1.04811,1.04838,1.87,1.00
2016.12.20 20:32:52.355,1.04811,1.04836,1.12,1.00
2016.12.20 20:32:52.653,1.04811,1.04838,1.12,1.00
2016.12.20 20:32:53.159,1.04811,1.04837,1.12,1.00
2016.12.20 20:32:56.542,1.04811,1.04836,1.12,1.00
2016.12.20 20:32:59.016,1.04811,1.04837,1.12,1.00
2016.12.20 20:33:00.609,1.04811,1.04835,1.12,1.00
2016.12.20 20:33:00.780,1.04811,1.04837,1.12,1.00
2016.12.20 20:33:00.881,1.04809,1.04837,1.00,1.00
2016.12.20 20:33:01.416,1.04809,1.04838,1.00,1.00
2016.12.20 20:33:02.454,1.04811,1.04838,1.00,1.00
2016.12.20 20:33:02.876,1.0481,1.04836,1.87,1.00
2016.12.20 20:33:06.398,1.04814,1.04838,1.00,1.00
2016.12.20 20:33:06.449,1.04812,1.04838,1.50,1.00
2016.12.20 20:33:06.500,1.04811,1.04838,2.25,1.00
2016.12.20 20:33:06.735,1.0481,1.04835,1.50,1.00
2016.12.20 20:33:06.786,1.0481,1.04832,1.50,1.00
2016.12.20 20:33:07.090,1.04818,1.04838,1.00,1.00
2016.12.20 20:33:07.595,1.04818,1.04837,1.00,1.00
2016.12.20 20:33:07.696,1.04818,1.04839,1.00,1.00
2016.12.20 20:33:08.238,1.04818,1.04838,1.00,1.00
2016.12.20 20:33:13.971,1.04818,1.04836,1.50,1.00
2016.12.20 20:33:15.470,1.04818,1.04837,1.50,1.00
2016.12.20 20:33:15.995,1.04818,1.04838,1.87,1.00
2016.12.20 20:33:16.668,1.04818,1.04837,1.12,1.00
2016.12.20 20:33:17.472,1.04818,1.04839,3.37,1.00
2016.12.20 20:33:19.588,1.04818,1.0484,3.37,1.00
2016.12.20 20:33:26.707,1.04818,1.0484,2.62,1.00
2016.12.20 20:33:31.510,1.04819,1.04839,1.50,1.00
2016.12.20 20:33:46.425,1.0482,1.04841,1.12,1.00
2016.12.20 20:33:47.402,1.0482,1.0484,1.00,1.00
2016.12.20 20:33:50.944,1.04819,1.0484,1.87,1.00
2016.12.20 20:33:53.674,1.04819,1.04839,1.12,1.00
2016.12.20 20:33:59.926,1.04819,1.04838,1.12,1.00
2016.12.20 20:34:00.578,1.04818,1.04839,1.50,1.00
2016.12.20 20:34:02.357,1.04819,1.0484,1.87,1.00
2016.12.20 20:34:05.628,1.04819,1.04841,1.87,1.00
2016.12.20 20:34:06.387,1.04819,1.0484,1.12,1.00
2016.12.20 20:34:06.589,1.04819,1.04838,1.12,1.00
2016.12.20 20:34:07.346,1.0482,1.04838,1.00,1.00
2016.12.20 20:34:07.690,1.0482,1.04841,1.00,1.00
2016.12.20 20:34:08.829,1.0482,1.0484,1.00,1.00
2016.12.20 20:34:15.699,1.0482,1.04841,1.00,1.00
2016.12.20 20:34:17.701,1.0482,1.04842,1.00,1.00
2016.12.20 20:34:18.215,1.0482,1.04841,1.00,1.00
2016.12.20 20:34:21.656,1.0482,1.04839,1.00,1.00
2016.12.20 20:34:22.997,1.0482,1.04841,1.00,1.00
2016.12.20 20:34:23.592,1.0482,1.0484,1.00,1.00
2016.12.20 20:34:36.970,1.04819,1.0484,1.12,1.00
2016.12.20 20:34:49.819,1.0482,1.04841,1.00,1.00
2016.12.20 20:34:50.827,1.0482,1.0484,1.00,1.00
2016.12.20 20:34:56.576,1.04819,1.0484,1.00,1.00
2016.12.20 20:34:57.099,1.04818,1.04839,1.12,1.00
2016.12.20 20:34:57.872,1.04818,1.0484,1.12,1.00
2016.12.20 20:34:59.501,1.04818,1.0484,1.50,1.00
2016.12.20 20:34:59.856,1.04819,1.04842,1.87,1.00
2016.12.20 20:34:59.906,1.04819,1.0484,1.87,1.00
2016.12.20 20:35:00.447,1.04819,1.04839,1.87,1.00
2016.12.20 20:35:00.949,1.04819,1.04838,1.12,1.00
2016.12.20 20:35:01.486,1.04819,1.04837,1.12,1.00
2016.12.20 20:35:02.168,1.04819,1.04838,1.12,1.00
2016.12.20 20:35:02.857,1.04819,1.04839,1.12,1.00
2016.12.20 20:35:21.973,1.04819,1.0484,1.00,1.00
2016.12.20 20:35:22.511,1.0482,1.04841,1.00,1.00
2016.12.20 20:35:28.292,1.0482,1.04842,1.00,1.00
2016.12.20 20:35:29.029,1.04821,1.04843,1.50,1.00
2016.12.20 20:35:29.618,1.04821,1.04842,1.50,1.00
2016.12.20 20:35:50.893,1.04822,1.04842,1.00,1.00
2016.12.20 20:35:51.095,1.0482,1.04842,1.00,1.00
2016.12.20 20:35:51.631,1.04821,1.04842,1.00,1.00
2016.12.20 20:35:51.939,1.04821,1.04844,1.00,1.00
2016.12.20 20:35:52.466,1.0482,1.04843,2.25,1.00
2016.12.20 20:35:53.931,1.04819,1.04842,1.50,1.00
2016.12.20 20:36:00.840,1.0482,1.04842,1.00,1.00
2016.12.20 20:36:01.366,1.04819,1.04842,1.00,1.00
2016.12.20 20:36:01.876,1.04818,1.04842,1.50,1.00
2016.12.20 20:36:03.127,1.04818,1.04841,1.50,1.00
2016.12.20 20:36:04.816,1.04818,1.0484,1.00,1.00
2016.12.20 20:36:18.032,1.04816,1.04839,3.37,1.00
2016.12.20 20:36:19.498,1.04818,1.04841,1.12,1.00
2016.12.20 20:36:21.389,1.04818,1.04842,1.12,1.50
2016.12.20 20:36:21.541,1.0482,1.04841,1.00,1.00
2016.12.20 20:36:22.231,1.04818,1.04841,1.87,1.00
2016.12.20 20:36:31.578,1.04818,1.04842,1.12,1.00
2016.12.20 20:36:31.628,1.04817,1.0484,1.87,1.00
2016.12.20 20:36:36.988,1.04817,1.0484,1.87,1.00
2016.12.20 20:36:42.405,1.04818,1.0484,1.00,1.00
2016.12.20 20:36:42.455,1.04818,1.04842,1.00,1.00
2016.12.20 20:36:43.452,1.04818,1.0484,1.00,1.00
2016.12.20 20:36:45.417,1.04818,1.04839,1.00,1.00
2016.12.20 20:36:46.065,1.04818,1.0484,1.00,1.00
2016.12.20 20:36:46.590,1.04817,1.0484,1.87,1.00
2016.12.20 20:36:47.735,1.04817,1.04841,1.87,1.00
2016.12.20 20:36:48.709,1.04818,1.04841,1.00,1.00
2016.12.20 20:36:55.934,1.0482,1.04841,1.00,1.00
2016.12.20 20:36:56.921,1.04818,1.04841,1.12,1.00
2016.12.20 20:36:57.770,1.04819,1.04841,1.00,1.00
2016.12.20 20:37:00.710,1.04818,1.04841,1.12,1.00
2016.12.20 20:37:01.448,1.04819,1.04841,1.00,1.00
2016.12.20 20:37:02.453,1.04818,1.04841,1.12,1.00
2016.12.20 20:37:02.967,1.04819,1.04841,1.00,1.00
2016.12.20 20:37:03.502,1.0482,1.0484,1.00,1.00
2016.12.20 20:37:04.037,1.04819,1.0484,1.00,1.00
2016.12.20 20:37:04.897,1.04818,1.0484,1.12,1.00
2016.12.20 20:37:10.266,1.04819,1.04842,1.00,1.00
2016.12.20 20:37:11.106,1.04818,1.04842,1.87,1.00
2016.12.20 20:37:11.646,1.04817,1.04841,3.37,1.00
2016.12.20 20:37:13.346,1.04817,1.04839,3.37,1.00
2016.12.20 20:37:14.447,1.04819,1.04839,1.00,1.00
2016.12.20 20:37:15.229,1.04818,1.04839,1.12,1.00
2016.12.20 20:37:19.669,1.04819,1.04839,1.00,1.00
2016.12.20 20:37:19.720,1.04819,1.04841,1.00,1.00
2016.12.20 20:37:20.646,1.04818,1.04841,1.87,1.00
2016.12.20 20:37:21.739,1.04817,1.0484,2.62,1.00
2016.12.20 20:37:22.249,1.04818,1.04841,1.12,1.00
2016.12.20 20:37:23.186,1.04817,1.04839,2.62,1.00
2016.12.20 20:37:29.956,1.04817,1.04841,1.37,1.00
2016.12.20 20:37:30.503,1.04819,1.04842,1.00,1.00
2016.12.20 20:37:31.165,1.04818,1.04842,1.12,1.00
2016.12.20 20:37:31.825,1.04818,1.04841,1.12,1.00
2016.12.20 20:37:33.962,1.04817,1.04839,2.62,1.00
2016.12.20 20:37:34.888,1.04819,1.0484,1.00,1.00
2016.12.20 20:37:35.496,1.04819,1.04841,1.00,1.00
2016.12.20 20:37:36.059,1.04818,1.04841,1.12,1.00
2016.12.20 20:37:36.958,1.04817,1.04841,2.25,1.00
2016.12.20 20:37:37.719,1.04818,1.04841,1.00,1.00
2016.12.20 20:37:40.710,1.04817,1.04841,2.25,1.00
2016.12.20 20:37:43.909,1.04817,1.04842,2.25,1.00
2016.12.20 20:37:44.235,1.04833,1.04844,1.00,1.00
2016.12.20 20:37:44.339,1.04831,1.04844,1.50,1.00
2016.12.20 20:37:44.583,1.04832,1.04847,1.50,1.00
2016.12.20 20:37:45.928,1.04833,1.04847,1.00,1.00
2016.12.20 20:37:47.725,1.04832,1.04847,1.00,1.00
2016.12.20 20:37:48.412,1.04833,1.04847,1.00,1.00
2016.12.20 20:37:51.841,1.04833,1.04846,1.00,1.00
2016.12.20 20:37:55.427,1.04832,1.04846,1.50,1.00
2016.12.20 20:37:56.005,1.04833,1.04846,1.00,1.00
2016.12.20 20:38:00.441,1.04833,1.04848,1.00,1.00
2016.12.20 20:38:00.936,1.04831,1.04851,1.50,1.00
2016.12.20 20:38:01.087,1.04833,1.0485,1.00,1.00
2016.12.20 20:38:01.410,1.04832,1.04845,1.50,1.00
2016.12.20 20:38:01.512,1.04832,1.04848,1.00,1.00
2016.12.20 20:38:01.613,1.04832,1.0485,1.50,1.00
2016.12.20 20:38:02.275,1.04832,1.04849,1.50,1.00
2016.12.20 20:38:02.790,1.04833,1.04849,1.00,1.00
2016.12.20 20:38:03.338,1.04832,1.04849,1.50,1.00
2016.12.20 20:38:03.975,1.04833,1.04849,1.00,1.00
2016.12.20 20:38:04.505,1.04832,1.04849,1.50,1.00
2016.12.20 20:38:05.210,1.04833,1.04849,1.00,1.00
2016.12.20 20:38:05.721,1.04832,1.04849,1.50,1.00
2016.12.20 20:38:06.381,1.04831,1.04849,1.50,1.00
2016.12.20 20:38:06.432,1.04833,1.04849,1.00,1.00
2016.12.20 20:38:06.978,1.04832,1.04849,1.50,1.00
2016.12.20 20:38:07.627,1.04833,1.04849,1.00,1.00
2016.12.20 20:38:08.132,1.04831,1.04849,3.00,1.00
2016.12.20 20:38:08.428,1.04833,1.04849,1.00,1.00
2016.12.20 20:38:08.529,1.04831,1.04849,2.25,1.00
2016.12.20 20:38:08.866,1.04833,1.04849,1.00,1.00
2016.12.20 20:38:09.386,1.04832,1.04849,1.50,1.00
2016.12.20 20:38:10.011,1.04833,1.04849,1.00,1.00
2016.12.20 20:38:10.529,1.04831,1.04849,3.00,1.00
2016.12.20 20:38:11.175,1.04832,1.04849,1.50,1.00
2016.12.20 20:38:11.711,1.04831,1.04849,3.00,1.00
2016.12.20 20:38:12.433,1.04833,1.04849,1.00,1.00
2016.12.20 20:38:12.937,1.04832,1.04849,1.50,1.00
2016.12.20 20:38:13.438,1.04831,1.04849,3.00,1.00
2016.12.20 20:38:13.981,1.04832,1.04849,1.50,1.00
2016.12.20 20:38:14.483,1.04833,1.04849,1.00,1.00
2016.12.20 20:38:14.533,1.04831,1.04849,1.50,1.00
2016.12.20 20:38:14.834,1.04833,1.04849,1.00,1.00
2016.12.20 20:38:15.523,1.04832,1.04849,2.25,1.00
2016.12.20 20:38:16.614,1.04831,1.04849,3.00,1.00
2016.12.20 20:38:16.939,1.04833,1.04849,1.00,1.00
2016.12.20 20:38:17.040,1.04831,1.04849,3.00,1.00
2016.12.20 20:38:17.328,1.04833,1.04849,1.00,1.00
2016.12.20 20:38:17.836,1.04832,1.04849,1.50,1.00
2016.12.20 20:38:18.531,1.04833,1.04849,1.00,1.00
2016.12.20 20:38:19.042,1.04832,1.04849,1.00,1.00
2016.12.20 20:38:19.544,1.04831,1.0485,3.00,1.50
2016.12.20 20:38:20.107,1.04832,1.0485,1.50,1.00
2016.12.20 20:38:20.626,1.04833,1.04849,1.00,1.00
2016.12.20 20:38:20.676,1.04831,1.04849,3.00,1.00
2016.12.20 20:38:21.195,1.04832,1.04849,1.50,1.00
2016.12.20 20:38:21.724,1.04831,1.04848,2.25,1.00
2016.12.20 20:38:22.176,1.04833,1.04848,1.00,1.00
2016.12.20 20:38:22.277,1.04831,1.04848,3.00,1.00
2016.12.20 20:38:22.586,1.04833,1.04848,1.00,1.00
2016.12.20 20:38:23.093,1.04832,1.04848,1.50,1.00
2016.12.20 20:38:24.224,1.04833,1.04848,1.00,1.00
2016.12.20 20:38:24.738,1.04832,1.04848,1.50,1.00
2016.12.20 20:38:25.242,1.04831,1.04848,3.00,1.00
2016.12.20 20:38:25.757,1.04832,1.04848,1.50,1.00
2016.12.20 20:38:26.325,1.04831,1.04848,1.50,1.00
2016.12.20 20:38:26.786,1.04833,1.04848,1.00,1.00
2016.12.20 20:38:27.146,1.04831,1.04848,1.50,1.00
2016.12.20 20:38:27.197,1.04833,1.04848,1.00,1.00
2016.12.20 20:38:27.298,1.04831,1.04848,2.25,1.00
2016.12.20 20:38:27.800,1.04832,1.04848,1.50,1.00
2016.12.20 20:38:28.404,1.04833,1.04848,1.00,1.00
2016.12.20 20:38:28.857,1.04831,1.04848,1.50,1.00
2016.12.20 20:38:28.908,1.04833,1.04848,1.00,1.00
2016.12.20 20:38:29.455,1.04832,1.04848,1.50,1.00
2016.12.20 20:38:31.417,1.04833,1.04848,1.00,1.00
2016.12.20 20:38:31.518,1.04831,1.04848,3.00,1.00
2016.12.20 20:38:32.034,1.04832,1.04848,1.50,1.00
2016.12.20 20:38:33.068,1.04833,1.04848,1.00,1.00
2016.12.20 20:38:33.586,1.04832,1.04848,3.00,1.00
2016.12.20 20:38:35.891,1.04831,1.04848,2.25,1.00
2016.12.20 20:38:36.353,1.04833,1.04848,1.00,1.00
2016.12.20 20:38:36.883,1.04832,1.04848,1.50,1.00
2016.12.20 20:38:37.587,1.04833,1.04848,1.00,1.00
2016.12.20 20:38:38.102,1.04832,1.04848,3.00,1.00
2016.12.20 20:38:38.826,1.04833,1.04848,1.00,1.00
2016.12.20 20:38:39.361,1.04832,1.04848,2.25,1.00
2016.12.20 20:38:40.007,1.04831,1.04848,2.25,1.00
2016.12.20 20:38:40.346,1.04832,1.0485,2.25,1.00
2016.12.20 20:38:43.989,1.04833,1.04847,1.00,1.00
2016.12.20 20:38:44.040,1.04833,1.04852,1.50,1.12
2016.12.20 20:38:44.141,1.04834,1.04849,1.00,1.00
2016.12.20 20:38:44.242,1.04834,1.04852,1.00,1.12
2016.12.20 20:38:48.117,1.04834,1.0485,1.00,1.00
2016.12.20 20:38:49.411,1.04833,1.0485,1.50,1.00
2016.12.20 20:38:49.462,1.04834,1.04854,1.00,3.00
2016.12.20 20:38:49.614,1.04843,1.04859,1.50,2.25
2016.12.20 20:38:49.766,1.04841,1.04865,1.00,1.87
2016.12.20 20:38:49.816,1.0484,1.04861,1.00,1.00
2016.12.20 20:38:50.183,1.04839,1.04857,1.00,1.00
2016.12.20 20:38:50.736,1.04839,1.0486,1.00,1.00
2016.12.20 20:38:51.720,1.04838,1.04861,1.00,1.00
2016.12.20 20:38:52.954,1.0484,1.04861,1.00,1.50
2016.12.20 20:38:53.504,1.0484,1.04859,1.00,1.00
2016.12.20 20:38:53.715,1.04838,1.04859,1.00,1.00
