2009.10.28 19:00:00.488,1.2326,1.2332,1.60,2.10
2009.10.28 19:00:01.118,1.23255,1.23315,1.00,1.90
2009.10.28 19:00:01.468,1.2325,1.2332,1.00,1.90
2009.10.28 19:00:02.148,1.23245,1.23315,4.30,1.00
2009.10.28 19:00:02.507,1.2326,1.23325,1.60,1.00
2009.10.28 19:00:05.127,1.2326,1.23325,3.50,1.00
2009.10.28 19:00:08.006,1.2326,1.23325,3.50,1.00
2009.10.28 19:00:08.306,1.2326,1.2332,1.60,2.00
2009.10.28 19:00:08.636,1.23275,1.2331,1.00,1.90
2009.10.28 19:00:08.936,1.23275,1.2337,1.00,2.40
2009.10.28 19:00:09.276,1.2327,1.2336,1.00,1.90
2009.10.28 19:00:09.566,1.2327,1.2338,1.00,2.50
2009.10.28 19:00:15.755,1.23275,1.23365,1.00,2.40
2009.10.28 19:00:16.444,1.23275,1.2336,1.00,1.00
2009.10.28 19:00:20.113,1.2328,1.2336,1.00,1.00
2009.10.28 19:00:21.503,1.23285,1.23365,1.60,1.00
2009.10.28 19:00:22.553,1.23285,1.2336,1.60,1.00
2009.10.28 19:00:23.292,1.23285,1.23365,1.60,1.00
2009.10.28 19:00:24.842,1.23295,1.23365,1.00,1.00
2009.10.28 19:00:35.400,1.233,1.23375,1.00,1.00
2009.10.28 19:00:47.937,1.23305,1.23375,1.00,1.00
2009.10.28 19:00:50.366,1.23305,1.23395,1.00,1.00
2009.10.28 19:00:50.926,1.23305,1.23405,1.00,1.00
2009.10.28 19:00:53.295,1.23305,1.234,1.00,1.00
2009.10.28 19:00:56.324,1.23305,1.2339,1.00,1.00
2009.10.28 19:00:57.304,1.23305,1.23385,1.00,1.00
2009.10.28 19:01:02.093,1.23305,1.23405,1.00,1.00
2009.10.28 19:01:02.533,1.23305,1.23405,1.00,1.00
2009.10.28 19:01:04.623,1.23305,1.234,1.00,1.00
2009.10.28 19:01:05.072,1.23305,1.234,1.00,1.00
2009.10.28 19:01:05.523,1.23305,1.234,1.00,1.00
2009.10.28 19:01:07.032,1.23305,1.23395,1.00,1.00
2009.10.28 19:01:08.472,1.23305,1.2339,1.00,1.00
2009.10.28 19:01:12.171,1.23305,1.234,1.00,1.00
2009.10.28 19:01:12.731,1.2331,1.23405,1.00,1.00
2009.10.28 19:01:13.300,1.2331,1.23405,1.00,1.00
2009.10.28 19:01:13.571,1.2332,1.23405,1.60,1.00
2009.10.28 19:01:19.089,1.2333,1.23405,1.60,1.00
2009.10.28 19:01:21.299,1.23315,1.23405,1.60,1.00
2009.10.28 19:01:23.188,1.2332,1.23405,1.60,1.00
2009.10.28 19:01:24.838,1.2332,1.23395,1.60,1.00
2009.10.28 19:01:26.917,1.2332,1.234,1.60,1.00
2009.10.28 19:01:29.187,1.2332,1.23405,1.60,1.00
2009.10.28 19:01:30.536,1.2332,1.234,1.60,1.00
2009.10.28 19:01:31.576,1.2332,1.23405,1.60,1.00
2009.10.28 19:01:31.916,1.2332,1.234,1.60,1.00
2009.10.28 19:01:33.366,1.2332,1.23405,1.60,1.00
2009.10.28 19:01:33.526,1.2332,1.234,1.60,1.00
2009.10.28 19:01:33.976,1.2332,1.234,1.60,1.00
2009.10.28 19:01:35.265,1.2332,1.23395,1.60,1.00
2009.10.28 19:01:35.615,1.2332,1.234,1.60,1.00
2009.10.28 19:01:38.304,1.2332,1.23395,1.60,1.00
2009.10.28 19:01:39.524,1.2332,1.234,1.60,1.00
2009.10.28 19:01:40.494,1.2332,1.23405,1.60,1.00
2009.10.28 19:01:41.124,1.2333,1.23405,1.60,1.00
2009.10.28 19:01:41.404,1.2333,1.23405,1.60,1.00
2009.10.28 19:01:42.883,1.23315,1.23405,1.60,1.00
2009.10.28 19:01:43.933,1.2333,1.234,1.60,1.00
2009.10.28 19:01:44.103,1.2332,1.234,10.70,1.00
2009.10.28 19:01:44.333,1.2332,1.234,8.80,1.00
2009.10.28 19:01:44.513,1.23315,1.234,3.50,1.00
2009.10.28 19:01:45.973,1.2332,1.234,1.60,1.00
2009.10.28 19:01:57.500,1.2332,1.234,3.50,1.00
2009.10.28 19:02:03.728,1.2332,1.2341,3.50,1.00
2009.10.28 19:02:08.587,1.23325,1.2341,8.80,1.00
2009.10.28 19:02:11.306,1.2332,1.2341,3.50,1.00
2009.10.28 19:02:12.966,1.23325,1.2341,8.80,1.00
2009.10.28 19:02:14.066,1.23325,1.23415,8.80,1.00
2009.10.28 19:02:14.936,1.2332,1.23415,3.50,1.00
2009.10.28 19:02:16.825,1.2332,1.23415,3.50,1.00
2009.10.28 19:02:17.175,1.2332,1.23415,1.60,1.00
2009.10.28 19:02:17.405,1.23315,1.2341,1.00,1.00
2009.10.28 19:02:17.695,1.23315,1.23405,2.70,1.00
2009.10.28 19:02:17.975,1.23315,1.23405,1.00,1.00
2009.10.28 19:02:19.525,1.23315,1.234,1.00,1.40
2009.10.28 19:02:20.044,1.23315,1.23395,1.00,1.00
2009.10.28 19:02:21.664,1.23315,1.23395,1.00,1.00
2009.10.28 19:02:22.574,1.23315,1.2339,1.00,1.00
2009.10.28 19:02:23.544,1.23315,1.23395,1.00,1.00
2009.10.28 19:02:23.934,1.2331,1.23395,4.30,1.00
2009.10.28 19:02:24.154,1.2332,1.234,1.60,1.00
2009.10.28 19:02:24.453,1.2332,1.23405,3.50,1.00
2009.10.28 19:02:25.713,1.23325,1.23405,8.80,1.00
2009.10.28 19:02:27.433,1.2332,1.23405,1.60,1.00
2009.10.28 19:02:27.952,1.2331,1.23405,2.40,1.00
2009.10.28 19:02:29.332,1.2331,1.23405,2.40,1.00
2009.10.28 19:02:33.643,1.2331,1.234,2.40,1.00
2009.10.28 19:02:35.332,1.23325,1.234,1.00,1.00
2009.10.28 19:02:39.300,1.2332,1.2339,1.60,1.00
2009.10.28 19:02:39.420,1.2333,1.2339,1.00,1.40
2009.10.28 19:02:39.600,1.23305,1.2338,2.40,1.00
2009.10.28 19:02:42.339,1.233,1.23365,3.50,1.00
2009.10.28 19:02:43.489,1.2331,1.2336,3.50,1.00
2009.10.28 19:02:47.838,1.2331,1.2336,1.60,1.00
2009.10.28 19:02:52.487,1.2331,1.23355,1.60,1.00
2009.10.28 19:03:06.823,1.2331,1.23355,3.50,1.00
2009.10.28 19:03:09.092,1.2331,1.23355,1.60,1.00
2009.10.28 19:03:09.793,1.2329,1.23355,1.60,1.00
2009.10.28 19:03:10.123,1.23305,1.23355,1.60,1.00
2009.10.28 19:03:12.032,1.2329,1.23355,1.60,1.00
2009.10.28 19:03:13.232,1.23285,1.23355,2.40,1.00
2009.10.28 19:03:13.521,1.23285,1.23355,1.00,1.00
2009.10.28 19:03:14.441,1.23285,1.2335,1.00,1.00
2009.10.28 19:03:15.941,1.23285,1.2335,1.00,1.40
2009.10.28 19:03:17.261,1.23285,1.2335,1.00,1.60
2009.10.28 19:03:18.230,1.23285,1.2335,1.00,1.80
2009.10.28 19:03:18.470,1.23295,1.2335,1.60,1.60
2009.10.28 19:03:18.870,1.23285,1.2335,1.00,1.60
2009.10.28 19:03:20.290,1.23285,1.23345,1.00,1.00
2009.10.28 19:03:22.649,1.23295,1.2335,1.60,1.60
2009.10.28 19:03:22.819,1.2328,1.2335,4.30,1.40
2009.10.28 19:03:24.469,1.23275,1.2335,1.00,1.40
2009.10.28 19:03:24.709,1.23275,1.2335,2.40,1.40
2009.10.28 19:03:26.178,1.23285,1.2335,1.00,1.40
2009.10.28 19:03:27.208,1.23285,1.2335,1.00,3.30
2009.10.28 19:03:28.478,1.23285,1.23345,1.00,1.00
2009.10.28 19:03:29.448,1.23285,1.2334,1.00,1.00
2009.10.28 19:03:29.968,1.23285,1.2334,1.00,2.00
2009.10.28 19:03:30.207,1.23285,1.23335,1.00,1.00
2009.10.28 19:03:30.677,1.23285,1.23335,1.00,1.00
2009.10.28 19:03:33.037,1.23285,1.2334,1.00,1.00
2009.10.28 19:03:36.256,1.23285,1.23335,1.00,1.00
2009.10.28 19:03:36.606,1.23285,1.2334,1.00,1.00
2009.10.28 19:03:36.906,1.2328,1.2334,2.40,1.00
2009.10.28 19:03:37.436,1.23275,1.2334,2.40,1.00
2009.10.28 19:03:39.316,1.2328,1.23345,2.40,1.00
2009.10.28 19:03:41.815,1.23295,1.2334,1.60,1.00
2009.10.28 19:03:43.314,1.23295,1.2334,1.60,1.00
2009.10.28 19:03:50.423,1.23295,1.23345,1.60,1.00
2009.10.28 19:03:52.232,1.23295,1.23345,1.60,1.00
2009.10.28 19:03:52.562,1.23295,1.23345,1.60,1.00
2009.10.28 19:04:05.320,1.23295,1.23345,1.60,1.00
2009.10.28 19:04:06.599,1.23305,1.23345,1.60,1.00
2009.10.28 19:04:08.278,1.2329,1.23345,1.60,1.00
2009.10.28 19:04:11.238,1.23275,1.23345,2.40,1.00
2009.10.28 19:04:13.417,1.23275,1.23345,2.40,1.00
2009.10.28 19:04:13.867,1.2329,1.23345,1.60,1.00
2009.10.28 19:04:24.034,1.23295,1.23345,1.60,1.00
2009.10.28 19:04:30.423,1.23295,1.23345,1.60,1.00
2009.10.28 19:04:30.993,1.23295,1.23345,1.60,1.00
2009.10.28 19:04:31.353,1.23295,1.23345,1.60,4.20
2009.10.28 19:04:31.703,1.23295,1.2334,1.60,1.00
2009.10.28 19:04:33.422,1.23295,1.23335,1.60,1.00
2009.10.28 19:04:53.737,1.23295,1.2333,1.60,1.00
2009.10.28 19:04:53.957,1.2327,1.23335,1.00,1.00
2009.10.28 19:04:54.197,1.23275,1.2333,1.60,1.00
2009.10.28 19:04:55.427,1.23275,1.23325,2.40,1.00
2009.10.28 19:05:04.025,1.2328,1.23325,2.40,1.00
2009.10.28 19:05:11.663,1.2328,1.23325,1.60,1.00
2009.10.28 19:05:16.402,1.2326,1.23325,3.50,1.00
2009.10.28 19:05:16.742,1.2326,1.23325,3.50,1.00
2009.10.28 19:05:28.459,1.2325,1.2332,4.30,1.00
2009.10.28 19:05:29.219,1.2328,1.23315,1.60,1.00
2009.10.28 19:05:32.928,1.2329,1.23325,1.60,1.00
2009.10.28 19:05:33.258,1.2328,1.2332,1.60,1.00
2009.10.28 19:05:34.277,1.2328,1.2332,1.60,1.00
2009.10.28 19:05:34.457,1.2328,1.2332,1.60,1.00
2009.10.28 19:05:47.764,1.2328,1.23325,1.60,1.00
2009.10.28 19:05:49.794,1.2328,1.2332,1.60,1.00
2009.10.28 19:05:49.964,1.2326,1.2332,1.60,1.00
2009.10.28 19:05:51.363,1.23265,1.2331,1.60,1.00
2009.10.28 19:05:52.243,1.23265,1.23305,1.60,1.00
2009.10.28 19:05:52.473,1.23265,1.23325,1.60,1.00
2009.10.28 19:05:52.653,1.23255,1.23325,3.50,1.00
2009.10.28 19:05:52.833,1.23275,1.2333,1.60,1.00
2009.10.28 19:05:58.932,1.2329,1.23325,1.60,1.00
2009.10.28 19:06:01.451,1.2329,1.23335,1.60,1.00
2009.10.28 19:06:02.201,1.2329,1.2334,1.60,1.00
2009.10.28 19:06:02.551,1.233,1.2334,1.60,1.00
2009.10.28 19:06:02.891,1.233,1.23345,1.60,1.00
2009.10.28 19:06:03.601,1.23305,1.23355,1.60,1.00
2009.10.28 19:06:03.951,1.23305,1.2335,1.60,1.00
2009.10.28 19:06:08.419,1.23285,1.2335,1.60,1.00
2009.10.28 19:06:08.759,1.23285,1.2335,3.50,1.00
2009.10.28 19:06:10.209,1.23285,1.2335,3.50,1.00
2009.10.28 19:06:10.609,1.23285,1.23375,3.60,1.00
2009.10.28 19:06:11.689,1.233,1.2337,1.60,1.00
2009.10.28 19:06:11.969,1.233,1.2337,1.60,1.00
2009.10.28 19:06:12.259,1.23325,1.23365,1.60,1.00
2009.10.28 19:06:12.548,1.23295,1.2337,1.60,1.00
2009.10.28 19:06:12.838,1.23295,1.23365,1.60,1.90
2009.10.28 19:06:13.229,1.2328,1.2336,1.60,1.90
2009.10.28 19:06:14.268,1.2329,1.2336,1.60,2.20
2009.10.28 19:06:15.238,1.2329,1.23355,1.60,1.00
2009.10.28 19:06:25.815,1.2329,1.23355,1.60,2.20
2009.10.28 19:06:26.965,1.2329,1.2335,1.60,2.80
2009.10.28 19:06:27.315,1.2328,1.23345,1.60,1.00
2009.10.28 19:06:30.834,1.23295,1.23335,1.60,1.00
2009.10.28 19:06:31.124,1.23295,1.23345,1.60,1.00
2009.10.28 19:06:32.864,1.23275,1.23355,1.80,1.00
2009.10.28 19:06:35.423,1.23315,1.23355,1.60,1.00
2009.10.28 19:06:35.483,1.23315,1.2336,1.60,1.00
2009.10.28 19:06:38.022,1.2332,1.23355,1.60,1.00
2009.10.28 19:06:38.202,1.2331,1.23355,1.60,2.80
2009.10.28 19:06:39.262,1.2331,1.23355,1.60,3.00
2009.10.28 19:06:39.842,1.2328,1.23355,1.80,2.70
2009.10.28 19:06:40.022,1.2328,1.2336,4.40,1.00
2009.10.28 19:06:40.432,1.23275,1.2336,4.40,1.00
2009.10.28 19:06:40.482,1.233,1.23355,1.60,1.00
2009.10.28 19:06:41.061,1.23285,1.23355,1.60,1.00
2009.10.28 19:06:42.111,1.233,1.2335,1.60,1.00
2009.10.28 19:06:42.811,1.23285,1.2335,1.60,1.00
2009.10.28 19:06:46.160,1.23275,1.2337,3.50,1.00
2009.10.28 19:06:48.210,1.2332,1.23365,1.60,1.00
2009.10.28 19:06:48.450,1.2332,1.23365,1.60,1.00
2009.10.28 19:06:52.489,1.23295,1.23365,1.60,1.00
2009.10.28 19:06:53.079,1.23315,1.2337,1.60,2.00
2009.10.28 19:06:54.358,1.2329,1.23365,1.80,1.00
2009.10.28 19:06:55.238,1.2332,1.2336,1.60,1.00
2009.10.28 19:07:01.537,1.2332,1.2337,1.60,1.00
2009.10.28 19:07:01.886,1.2332,1.2337,1.60,2.00
2009.10.28 19:07:04.366,1.2332,1.23365,1.60,1.00
2009.10.28 19:07:05.056,1.2332,1.2337,1.60,1.00
2009.10.28 19:07:07.865,1.2332,1.2337,1.60,2.90
2009.10.28 19:07:09.245,1.2332,1.23355,1.60,1.00
2009.10.28 19:07:10.035,1.2332,1.2336,1.60,1.00
2009.10.28 19:07:15.183,1.2332,1.23365,1.60,1.00
2009.10.28 19:07:15.293,1.2333,1.23365,1.60,1.00
2009.10.28 19:07:15.463,1.23315,1.23365,1.60,1.00
2009.10.28 19:07:17.423,1.2332,1.2336,1.60,1.00
2009.10.28 19:07:23.941,1.2332,1.23365,1.60,1.00
2009.10.28 19:07:26.940,1.233,1.23365,1.60,1.00
2009.10.28 19:07:33.759,1.23285,1.23365,1.60,1.00
2009.10.28 19:07:33.999,1.23285,1.23365,1.60,1.00
2009.10.28 19:07:34.109,1.23285,1.23365,1.60,2.80
2009.10.28 19:07:34.219,1.23285,1.23365,1.60,1.00
2009.10.28 19:07:34.499,1.23285,1.23365,1.60,2.80
2009.10.28 19:07:34.719,1.23285,1.23365,1.60,2.00
2009.10.28 19:07:35.069,1.2329,1.23365,1.60,2.80
2009.10.28 19:07:35.918,1.2329,1.23365,1.60,2.00
2009.10.28 19:07:36.598,1.2329,1.23355,1.60,1.90
2009.10.28 19:07:38.098,1.2329,1.2335,1.60,1.00
2009.10.28 19:07:39.207,1.2329,1.23345,1.60,1.00
2009.10.28 19:07:39.428,1.2329,1.23345,1.60,1.00
2009.10.28 19:07:39.777,1.2329,1.2335,1.60,1.00
2009.10.28 19:07:43.656,1.2329,1.2335,1.60,2.00
2009.10.28 19:07:44.267,1.2329,1.23345,1.60,1.00
2009.10.28 19:07:45.196,1.2329,1.2335,1.60,1.00
2009.10.28 19:07:46.116,1.2329,1.2335,1.60,2.00
2009.10.28 19:07:47.416,1.2329,1.2335,1.60,2.20
2009.10.28 19:07:48.566,1.2329,1.23345,1.60,1.00
2009.10.28 19:07:54.924,1.2328,1.2334,1.60,1.00
2009.10.28 19:08:02.272,1.2328,1.23335,1.60,1.00
2009.10.28 19:08:03.302,1.2328,1.2333,1.60,1.00
2009.10.28 19:08:29.405,1.2326,1.2332,1.60,1.00
2009.10.28 19:08:31.325,1.23265,1.2331,1.60,1.00
2009.10.28 19:08:41.262,1.23265,1.23305,1.60,1.00
2009.10.28 19:08:52.060,1.23245,1.23305,1.60,1.00
2009.10.28 19:08:52.240,1.2323,1.233,1.60,1.00
2009.10.28 19:08:52.640,1.2323,1.23295,1.60,2.00
2009.10.28 19:08:52.810,1.2323,1.23295,1.60,1.00
2009.10.28 19:08:52.990,1.23235,1.23295,1.00,1.00
2009.10.28 19:08:56.029,1.23235,1.23295,1.60,1.00
2009.10.28 19:09:03.227,1.23245,1.23295,1.60,1.00
2009.10.28 19:09:03.337,1.2326,1.23295,1.60,1.00
2009.10.28 19:09:03.507,1.2326,1.23315,1.60,1.00
2009.10.28 19:09:04.197,1.23245,1.23315,1.60,1.00
2009.10.28 19:09:04.527,1.23245,1.2331,1.60,2.00
2009.10.28 19:09:05.467,1.2325,1.23305,1.60,1.00
2009.10.28 19:09:06.377,1.2325,1.233,1.60,1.00
2009.10.28 19:09:07.246,1.2323,1.233,1.60,1.00
2009.10.28 19:09:08.166,1.2323,1.23295,1.60,2.00
2009.10.28 19:09:09.306,1.23235,1.23295,1.60,2.20
2009.10.28 19:09:10.285,1.23235,1.2329,1.60,1.00
2009.10.28 19:09:28.561,1.2321,1.23285,2.40,1.00
2009.10.28 19:09:29.141,1.23235,1.2329,1.60,1.00
2009.10.28 19:09:29.311,1.23245,1.2329,1.60,1.00
2009.10.28 19:09:34.040,1.2323,1.2329,1.60,1.00
2009.10.28 19:09:34.690,1.23245,1.2329,1.60,1.00
2009.10.28 19:09:35.330,1.2323,1.2329,1.60,1.00
2009.10.28 19:09:37.099,1.23215,1.23295,1.80,1.00
2009.10.28 19:09:38.609,1.23235,1.23295,1.60,2.00
2009.10.28 19:09:40.348,1.23235,1.23295,1.60,2.20
2009.10.28 19:09:41.158,1.23225,1.23285,1.60,1.00
2009.10.28 19:09:58.964,1.23205,1.23285,1.80,1.00
2009.10.28 19:10:03.813,1.23225,1.23285,1.60,1.00
2009.10.28 19:10:05.812,1.23225,1.2328,1.60,1.00
2009.10.28 19:10:06.452,1.23225,1.23285,1.60,2.00
2009.10.28 19:10:06.802,1.23225,1.23285,1.60,2.00
2009.10.28 19:10:07.142,1.23225,1.23285,1.60,1.00
2009.10.28 19:10:08.962,1.23225,1.2328,1.60,2.10
2009.10.28 19:10:09.302,1.23225,1.23275,1.60,2.00
2009.10.28 19:10:09.472,1.23195,1.23275,4.40,1.00
2009.10.28 19:10:09.641,1.23235,1.23275,1.60,2.00
2009.10.28 19:10:09.811,1.23225,1.23275,1.60,2.00
2009.10.28 19:10:10.261,1.23225,1.23275,1.60,2.20
2009.10.28 19:10:14.390,1.23225,1.23265,1.60,1.00
2009.10.28 19:10:16.010,1.23225,1.2327,1.60,1.00
2009.10.28 19:10:23.508,1.23225,1.23265,1.60,1.00
2009.10.28 19:10:24.468,1.23225,1.2327,1.60,1.00
2009.10.28 19:10:33.416,1.23225,1.2329,1.60,1.00
2009.10.28 19:10:34.315,1.23225,1.23285,1.60,1.00
2009.10.28 19:10:35.245,1.23225,1.23275,1.60,1.00
2009.10.28 19:10:35.655,1.23225,1.23275,1.60,1.00
2009.10.28 19:10:48.552,1.23225,1.2329,1.60,1.00
2009.10.28 19:10:49.642,1.23235,1.23285,1.60,1.00
2009.10.28 19:11:04.778,1.23225,1.23285,1.60,1.00
2009.10.28 19:11:10.946,1.23225,1.23285,1.60,1.00
2009.10.28 19:11:11.346,1.23235,1.2328,1.60,1.00
2009.10.28 19:11:13.446,1.23235,1.23285,1.60,1.00
2009.10.28 19:11:24.683,1.23235,1.23285,1.60,1.00
2009.10.28 19:11:25.843,1.23235,1.23285,1.60,1.00
2009.10.28 19:11:39.750,1.23235,1.23295,1.60,1.00
2009.10.28 19:11:49.627,1.23235,1.23305,1.60,1.00
2009.10.28 19:11:49.737,1.23255,1.23305,1.60,1.00
2009.10.28 19:11:50.197,1.23225,1.233,1.60,1.00
2009.10.28 19:11:51.347,1.23215,1.23295,2.50,1.00
2009.10.28 19:11:56.356,1.23205,1.23295,2.50,1.00
2009.10.28 19:11:56.696,1.23255,1.23305,1.60,1.00
2009.10.28 19:11:59.495,1.23235,1.2331,2.50,1.00
2009.10.28 19:12:02.464,1.23265,1.2333,1.60,1.00
2009.10.28 19:12:08.133,1.2326,1.2331,1.60,1.00
2009.10.28 19:12:09.573,1.2324,1.2333,2.50,1.00
2009.10.28 19:12:16.991,1.23265,1.2333,1.60,2.20
2009.10.28 19:12:17.470,1.23265,1.23325,1.60,1.00
2009.10.28 19:12:26.179,1.23275,1.23345,1.60,1.00
2009.10.28 19:12:28.968,1.2326,1.23335,1.60,2.00
2009.10.28 19:12:30.738,1.23265,1.23325,1.60,1.00
2009.10.28 19:12:31.367,1.23265,1.2332,1.60,1.00
2009.10.28 19:12:34.657,1.23275,1.2334,1.60,1.00
2009.10.28 19:12:48.913,1.23245,1.23325,1.00,1.90
2009.10.28 19:12:49.463,1.2324,1.23325,1.60,1.90
2009.10.28 19:12:50.423,1.2325,1.23315,1.60,1.00
2009.10.28 19:12:51.293,1.2325,1.2331,1.60,1.00
2009.10.28 19:12:52.512,1.2325,1.2331,1.60,1.00
2009.10.28 19:12:58.351,1.2325,1.23305,1.60,1.00
2009.10.28 19:12:59.141,1.23225,1.23305,1.80,1.00
2009.10.28 19:13:06.079,1.23245,1.233,1.60,1.00
2009.10.28 19:13:08.398,1.2325,1.2329,1.60,1.00
2009.10.28 19:13:10.258,1.2325,1.23295,1.60,1.00
2009.10.28 19:13:18.146,1.2325,1.23305,1.60,1.00
2009.10.28 19:13:18.716,1.2325,1.233,1.60,1.00
2009.10.28 19:13:20.435,1.2325,1.233,1.60,1.00
2009.10.28 19:13:22.455,1.2325,1.23295,1.60,1.00
2009.10.28 19:13:22.845,1.2325,1.23295,1.60,1.00
2009.10.28 19:13:24.264,1.2325,1.2329,1.60,1.00
2009.10.28 19:13:27.634,1.2325,1.23295,1.60,1.00
2009.10.28 19:13:44.310,1.2323,1.2329,1.60,1.00
2009.10.28 19:13:45.469,1.23235,1.23285,1.60,1.00
2009.10.28 19:13:49.198,1.23235,1.23275,1.60,1.00
2009.10.28 19:13:55.637,1.23225,1.23275,1.60,1.00
2009.10.28 19:13:55.927,1.23225,1.2327,1.60,1.00
2009.10.28 19:13:56.517,1.23235,1.23275,1.60,1.00
2009.10.28 19:13:57.256,1.2323,1.23275,1.60,1.00
2009.10.28 19:13:57.597,1.23235,1.23275,1.60,1.00
2009.10.28 19:13:58.286,1.23225,1.2327,1.60,1.00
2009.10.28 19:14:00.476,1.23225,1.2327,1.60,1.00
2009.10.28 19:14:00.706,1.23225,1.23305,1.60,1.00
2009.10.28 19:14:00.816,1.23225,1.23325,1.60,1.00
2009.10.28 19:14:00.986,1.23225,1.23315,1.60,1.90
2009.10.28 19:14:01.226,1.23225,1.23325,1.60,1.00
2009.10.28 19:14:03.195,1.2323,1.2331,1.60,1.90
2009.10.28 19:14:04.135,1.2323,1.2331,1.60,2.00
2009.10.28 19:14:04.415,1.23205,1.2331,1.60,2.00
2009.10.28 19:14:04.715,1.2321,1.2331,1.00,2.00
2009.10.28 19:14:04.885,1.23225,1.2331,1.60,2.00
2009.10.28 19:14:05.395,1.23225,1.23305,1.60,1.00
2009.10.28 19:14:12.773,1.2323,1.233,1.60,1.00
2009.10.28 19:14:14.583,1.2323,1.23305,1.60,2.00
2009.10.28 19:14:15.142,1.2323,1.23305,1.60,1.00
2009.10.28 19:14:17.502,1.2323,1.233,1.60,1.00
2009.10.28 19:14:18.871,1.2321,1.23295,1.60,1.00
2009.10.28 19:14:19.171,1.23195,1.2329,1.60,1.00
2009.10.28 19:14:19.531,1.23185,1.2328,1.60,1.90
2009.10.28 19:14:20.161,1.23195,1.2328,1.60,1.00
2009.10.28 19:14:21.721,1.2319,1.23275,1.60,1.00
2009.10.28 19:14:27.309,1.2319,1.2328,2.40,1.00
2009.10.28 19:14:27.719,1.232,1.2328,1.60,1.00
2009.10.28 19:14:28.189,1.2319,1.2328,2.40,1.00
2009.10.28 19:14:28.529,1.2319,1.23275,1.60,1.00
2009.10.28 19:14:32.328,1.2317,1.23265,1.60,1.90
2009.10.28 19:14:32.678,1.23185,1.23265,1.60,1.00
2009.10.28 19:14:33.018,1.2317,1.23265,1.60,2.00
2009.10.28 19:14:37.187,1.23185,1.23265,1.60,1.00
2009.10.28 19:14:37.477,1.2317,1.23265,1.60,2.00
2009.10.28 19:14:44.505,1.23185,1.23265,1.60,1.00
2009.10.28 19:14:44.715,1.2317,1.23265,1.60,2.00
2009.10.28 19:14:48.964,1.23175,1.23255,1.60,1.90
2009.10.28 19:14:50.623,1.23175,1.23255,1.60,2.00
2009.10.28 19:14:51.244,1.23175,1.2325,1.60,1.00
2009.10.28 19:14:54.653,1.23185,1.2325,1.60,1.00
2009.10.28 19:14:54.763,1.2317,1.23245,1.60,1.00
2009.10.28 19:14:58.052,1.23175,1.2325,1.60,1.00
2009.10.28 19:15:05.300,1.23175,1.23255,1.60,2.00
2009.10.28 19:15:05.360,1.2318,1.23255,1.00,2.00
2009.10.28 19:15:05.520,1.2317,1.23255,2.40,1.00
2009.10.28 19:15:07.230,1.2321,1.23255,1.60,1.00
2009.10.28 19:15:07.469,1.2321,1.23255,1.60,1.00
2009.10.28 19:15:14.918,1.2321,1.23265,1.60,1.00
2009.10.28 19:15:15.148,1.2322,1.23265,1.60,1.00
2009.10.28 19:15:16.068,1.2322,1.23285,1.60,1.00
2009.10.28 19:15:16.538,1.2323,1.233,1.60,1.00
2009.10.28 19:15:17.917,1.23215,1.2329,1.60,1.90
2009.10.28 19:15:18.277,1.2321,1.2329,2.40,1.00
2009.10.28 19:15:19.437,1.23235,1.2328,1.60,1.00
2009.10.28 19:15:20.407,1.23235,1.2328,1.60,1.00
2009.10.28 19:15:20.517,1.23235,1.2328,1.60,1.00
2009.10.28 19:15:21.826,1.23215,1.2328,1.60,1.00
2009.10.28 19:15:25.175,1.2322,1.2328,2.40,1.00
2009.10.28 19:15:25.355,1.2323,1.2329,1.60,1.90
2009.10.28 19:15:25.465,1.2323,1.23295,1.60,1.00
2009.10.28 19:15:32.084,1.23235,1.23325,1.60,2.00
2009.10.28 19:15:33.624,1.23235,1.23315,1.60,1.90
2009.10.28 19:15:35.223,1.23235,1.23315,1.60,2.00
2009.10.28 19:15:36.253,1.23235,1.2331,1.60,1.00
2009.10.28 19:15:38.382,1.23235,1.23305,1.60,1.90
2009.10.28 19:15:39.362,1.23235,1.23305,1.60,2.20
2009.10.28 19:15:43.511,1.23235,1.2332,2.40,2.00
2009.10.28 19:16:00.517,1.23235,1.23315,1.60,2.00
2009.10.28 19:16:00.637,1.23225,1.23315,1.00,2.00
2009.10.28 19:16:00.807,1.23225,1.2331,1.00,1.00
2009.10.28 19:16:01.157,1.2322,1.2331,2.40,1.00
2009.10.28 19:16:01.497,1.2322,1.233,2.40,1.90
2009.10.28 19:16:02.827,1.2321,1.233,2.40,1.90
2009.10.28 19:16:03.166,1.2321,1.23295,2.40,1.00
2009.10.28 19:16:05.906,1.2321,1.23295,1.60,1.00
2009.10.28 19:16:06.186,1.2321,1.2329,1.60,1.90
2009.10.28 19:16:07.395,1.2321,1.2329,1.60,2.00
2009.10.28 19:16:08.425,1.2321,1.23285,1.60,1.00
2009.10.28 19:16:09.685,1.2321,1.2328,1.60,1.00
2009.10.28 19:16:10.025,1.2321,1.2328,1.60,2.00
2009.10.28 19:16:10.145,1.2321,1.23275,1.60,1.90
2009.10.28 19:16:10.615,1.2321,1.2327,1.60,1.90
2009.10.28 19:16:10.955,1.2321,1.2327,2.40,1.00
2009.10.28 19:16:11.994,1.23215,1.2329,1.00,1.00
2009.10.28 19:16:14.424,1.232,1.23275,1.00,1.90
2009.10.28 19:16:14.764,1.2321,1.23285,1.60,2.00
2009.10.28 19:16:15.054,1.2321,1.23285,1.60,1.00
2009.10.28 19:16:15.334,1.232,1.23285,1.00,2.00
2009.10.28 19:16:15.563,1.2321,1.23285,1.60,1.00
2009.10.28 19:16:16.083,1.23205,1.23285,1.00,2.00
2009.10.28 19:16:16.483,1.232,1.23285,1.00,2.00
2009.10.28 19:16:28.930,1.23195,1.23285,1.60,2.00
2009.10.28 19:16:29.280,1.23195,1.23275,1.60,1.90
2009.10.28 19:16:30.240,1.23195,1.23275,1.60,2.00
2009.10.28 19:16:31.380,1.23195,1.2327,1.60,1.00
2009.10.28 19:16:40.977,1.23195,1.23275,1.60,1.90
2009.10.28 19:16:41.097,1.23205,1.23285,1.60,1.00
2009.10.28 19:16:48.575,1.2321,1.2328,1.60,2.00
2009.10.28 19:16:52.574,1.2319,1.2328,1.60,2.00
2009.10.28 19:16:52.924,1.2319,1.2327,1.60,1.90
2009.10.28 19:16:53.264,1.23195,1.23275,1.00,1.00
2009.10.28 19:16:53.604,1.2321,1.2329,2.40,2.00
2009.10.28 19:16:53.954,1.2321,1.23305,2.40,2.00
2009.10.28 19:16:56.674,1.2321,1.23295,2.40,1.00
2009.10.28 19:16:57.583,1.2322,1.23295,2.40,1.00
2009.10.28 19:16:57.943,1.2322,1.233,2.40,2.00
2009.10.28 19:16:59.983,1.2322,1.233,2.40,1.90
2009.10.28 19:17:00.272,1.2323,1.23305,1.60,1.00
2009.10.28 19:17:00.792,1.2323,1.233,1.60,2.10
2009.10.28 19:17:02.412,1.23215,1.2329,1.60,2.00
2009.10.28 19:17:02.802,1.23195,1.23285,1.60,1.00
2009.10.28 19:17:04.241,1.232,1.2329,1.60,2.00
2009.10.28 19:17:09.930,1.2321,1.233,1.60,1.00
2009.10.28 19:17:10.100,1.2321,1.23305,1.60,2.00
2009.10.28 19:17:10.280,1.2321,1.23305,1.60,1.00
2009.10.28 19:17:12.690,1.23215,1.2331,1.60,2.00
2009.10.28 19:17:14.049,1.23195,1.23305,1.60,1.00
2009.10.28 19:17:14.389,1.2322,1.23325,1.60,1.00
2009.10.28 19:17:15.769,1.2321,1.2332,1.60,1.00
2009.10.28 19:17:18.748,1.23225,1.2332,1.60,2.00
2009.10.28 19:17:19.208,1.2321,1.2331,1.60,1.90
2009.10.28 19:17:20.578,1.23215,1.23305,1.60,1.00
2009.10.28 19:17:21.407,1.23215,1.2331,1.60,2.00
2009.10.28 19:17:28.266,1.23215,1.2331,1.60,1.90
2009.10.28 19:17:28.556,1.23225,1.23315,1.60,1.00
2009.10.28 19:17:30.175,1.2323,1.23315,1.60,1.00
2009.10.28 19:17:30.285,1.2323,1.23315,1.60,1.00
2009.10.28 19:17:38.663,1.2323,1.2331,1.60,1.00
2009.10.28 19:17:38.883,1.2321,1.2331,1.60,2.00
2009.10.28 19:17:39.403,1.2321,1.2332,1.60,1.00
2009.10.28 19:17:53.490,1.232,1.23305,1.60,1.00
2009.10.28 19:17:59.028,1.2321,1.23305,1.60,1.00
2009.10.28 19:17:59.308,1.2321,1.23325,1.60,1.00
2009.10.28 19:17:59.818,1.23225,1.2334,1.60,2.00
2009.10.28 19:18:03.977,1.23235,1.23355,1.00,1.00
2009.10.28 19:18:04.157,1.23235,1.2334,1.00,1.90
2009.10.28 19:18:06.296,1.23235,1.23335,1.00,2.00
2009.10.28 19:18:14.814,1.23235,1.23355,1.00,1.00
2009.10.28 19:18:24.602,1.23245,1.2337,11.20,2.50
2009.10.28 19:18:24.952,1.23245,1.2337,11.20,1.00
2009.10.28 19:18:38.889,1.23245,1.23365,10.40,1.00
2009.10.28 19:18:39.229,1.23245,1.23355,1.60,1.90
2009.10.28 19:18:40.328,1.23245,1.23355,1.60,2.00
2009.10.28 19:18:41.278,1.23245,1.2335,1.60,1.00
2009.10.28 19:19:02.253,1.2327,1.2334,1.00,1.00
2009.10.28 19:19:09.621,1.23275,1.23335,2.40,1.00
2009.10.28 19:19:10.261,1.23275,1.2333,1.60,1.00
2009.10.28 19:19:11.261,1.23275,1.2333,1.60,1.00
2009.10.28 19:19:11.541,1.2328,1.2333,1.60,1.00
2009.10.28 19:19:13.140,1.2328,1.23325,1.60,2.00
2009.10.28 19:19:13.490,1.23235,1.2332,1.60,1.00
2009.10.28 19:19:13.820,1.2322,1.2332,1.60,1.00
2009.10.28 19:19:14.520,1.2323,1.23315,1.60,1.00
2009.10.28 19:19:14.870,1.2323,1.2332,1.60,1.00
2009.10.28 19:19:15.840,1.2323,1.2334,1.60,2.50
2009.10.28 19:19:19.529,1.2323,1.23335,1.60,1.00
2009.10.28 19:19:34.545,1.2323,1.2333,1.60,1.90
2009.10.28 19:19:35.465,1.2323,1.2332,1.60,1.00
2009.10.28 19:19:37.165,1.2323,1.23315,1.60,1.00
2009.10.28 19:19:37.515,1.2323,1.23315,1.60,1.00
2009.10.28 19:19:38.894,1.2323,1.2332,1.60,1.00
2009.10.28 19:19:41.463,1.2323,1.23315,1.60,1.00
2009.10.28 19:19:43.614,1.2323,1.2332,1.60,1.00
2009.10.28 19:19:45.303,1.2323,1.2334,3.50,1.00
2009.10.28 19:19:46.732,1.2323,1.23335,4.30,1.00
2009.10.28 19:19:48.642,1.2323,1.23355,4.30,1.00
2009.10.28 19:19:52.261,1.2323,1.23345,4.30,1.00
2009.10.28 19:19:53.361,1.2323,1.2334,4.30,1.00
2009.10.28 19:19:54.321,1.2323,1.23335,4.30,1.00
2009.10.28 19:19:55.890,1.2323,1.23355,4.30,1.00
2009.10.28 19:20:00.249,1.2323,1.2335,1.60,1.00
2009.10.28 19:20:01.329,1.2323,1.2334,1.60,1.00
2009.10.28 19:20:02.869,1.2323,1.23335,1.60,1.00
2009.10.28 19:20:05.548,1.2323,1.23335,2.40,1.00
2009.10.28 19:20:05.728,1.2323,1.23355,5.10,1.00
2009.10.28 19:20:12.156,1.2322,1.23335,1.60,1.00
2009.10.28 19:20:20.204,1.2323,1.2335,3.20,1.00
2009.10.28 19:20:20.374,1.2323,1.2335,3.20,1.00
2009.10.28 19:20:27.443,1.2323,1.2335,2.40,1.00
2009.10.28 19:20:27.653,1.23225,1.23345,1.00,1.00
2009.10.28 19:20:28.702,1.2323,1.2335,2.40,1.00
2009.10.28 19:20:29.412,1.2323,1.2335,3.20,1.00
2009.10.28 19:20:32.781,1.23235,1.2335,1.00,1.00
2009.10.28 19:20:33.341,1.23245,1.2335,1.60,1.00
2009.10.28 19:20:34.211,1.23235,1.2335,1.00,1.00
2009.10.28 19:20:38.870,1.2323,1.2335,3.20,1.00
2009.10.28 19:20:45.198,1.23235,1.2335,1.00,1.00
2009.10.28 19:20:48.098,1.2327,1.2335,1.00,1.00
2009.10.28 19:20:48.458,1.2326,1.2335,2.70,1.00
2009.10.28 19:20:48.738,1.2326,1.2335,1.00,1.00
2009.10.28 19:20:49.077,1.2327,1.23355,1.00,1.00
2009.10.28 19:20:49.427,1.23285,1.23355,1.00,1.00
2009.10.28 19:20:49.777,1.23285,1.23355,1.00,1.00
2009.10.28 19:21:00.715,1.2328,1.2335,1.60,1.00
2009.10.28 19:21:00.945,1.2328,1.2335,1.60,1.00
2009.10.28 19:21:01.935,1.2328,1.2335,1.60,1.70
2009.10.28 19:21:02.174,1.2328,1.2334,1.60,1.00
2009.10.28 19:21:03.064,1.2328,1.23335,1.60,1.10
2009.10.28 19:21:04.524,1.2327,1.23315,1.60,1.00
2009.10.28 19:21:04.814,1.2328,1.23315,1.60,1.00
2009.10.28 19:21:05.544,1.2326,1.23315,1.60,1.00
2009.10.28 19:21:05.774,1.2326,1.23305,1.60,1.00
2009.10.28 19:21:06.114,1.23245,1.23305,1.60,1.00
2009.10.28 19:21:07.503,1.23225,1.23295,3.50,1.00
2009.10.28 19:21:07.843,1.2325,1.2332,1.60,1.00
2009.10.28 19:21:08.193,1.2323,1.2332,1.60,1.00
2009.10.28 19:21:09.413,1.23215,1.2331,2.40,1.00
2009.10.28 19:21:09.652,1.2323,1.2331,1.60,1.00
2009.10.28 19:21:10.172,1.23215,1.2331,1.60,1.00
2009.10.28 19:21:10.402,1.2323,1.2331,1.60,1.00
2009.10.28 19:21:10.622,1.23215,1.2331,1.60,1.00
2009.10.28 19:21:11.153,1.2323,1.2331,1.60,1.00
2009.10.28 19:21:11.672,1.2323,1.2331,1.60,2.00
2009.10.28 19:21:12.012,1.2323,1.2333,1.60,2.00
2009.10.28 19:21:12.473,1.23215,1.2331,1.60,1.00
2009.10.28 19:21:12.822,1.23215,1.23305,1.60,1.00
2009.10.28 19:21:13.462,1.23215,1.233,1.60,1.00
2009.10.28 19:21:13.922,1.2323,1.23295,1.60,1.00
2009.10.28 19:21:14.151,1.2323,1.23315,2.40,1.00
2009.10.28 19:21:14.442,1.23235,1.2335,1.00,1.00
2009.10.28 19:21:14.681,1.23235,1.2335,9.60,1.00
2009.10.28 19:21:14.911,1.23235,1.2335,8.80,1.00
2009.10.28 19:21:16.231,1.2323,1.23335,1.60,1.00
2009.10.28 19:21:17.251,1.2323,1.2334,3.50,1.00
2009.10.28 19:21:17.591,1.23235,1.2334,8.80,1.00
2009.10.28 19:21:21.310,1.2323,1.2334,1.60,1.00
2009.10.28 19:21:21.480,1.2322,1.2334,1.60,1.00
2009.10.28 19:21:21.840,1.2322,1.23335,1.60,1.00
2009.10.28 19:21:22.530,1.23235,1.23325,2.70,1.00
2009.10.28 19:21:22.879,1.2324,1.23325,1.60,1.00
2009.10.28 19:21:25.848,1.2326,1.23325,1.60,1.00
2009.10.28 19:21:27.598,1.23265,1.23345,1.60,1.00
2009.10.28 19:21:38.236,1.23245,1.2333,1.60,1.00
2009.10.28 19:21:39.625,1.2325,1.23325,1.60,1.00
2009.10.28 19:21:41.975,1.2326,1.23325,1.60,1.00
2009.10.28 19:21:42.834,1.2326,1.23345,1.60,1.00
2009.10.28 19:21:43.884,1.23265,1.23335,1.60,1.00
2009.10.28 19:21:45.574,1.23265,1.23335,1.60,1.00
2009.10.28 19:21:48.333,1.23265,1.2331,1.60,1.00
2009.10.28 19:21:49.163,1.23265,1.23305,1.60,1.00
2009.10.28 19:21:49.393,1.23265,1.23305,1.60,1.00
2009.10.28 19:21:50.562,1.23265,1.2331,1.60,1.00
2009.10.28 19:21:50.953,1.23265,1.2333,1.60,1.00
2009.10.28 19:21:55.641,1.23275,1.23325,1.60,1.00
2009.10.28 19:21:57.281,1.23265,1.23325,2.40,1.00
2009.10.28 19:21:57.501,1.23265,1.23325,2.40,1.00
2009.10.28 19:21:58.121,1.2326,1.23325,1.60,1.00
2009.10.28 19:21:58.471,1.23245,1.23315,1.60,1.00
2009.10.28 19:21:59.500,1.2325,1.23305,1.60,1.00
2009.10.28 19:22:00.360,1.2325,1.233,1.60,1.00
2009.10.28 19:22:03.450,1.23245,1.2331,1.00,1.00
2009.10.28 19:22:03.679,1.23245,1.2331,2.40,1.00
2009.10.28 19:22:05.849,1.2324,1.23305,3.50,1.00
2009.10.28 19:22:05.909,1.2324,1.23305,3.50,1.00
2009.10.28 19:22:06.259,1.2322,1.233,1.60,1.00
2009.10.28 19:22:07.309,1.23225,1.23295,1.60,1.00
2009.10.28 19:22:08.378,1.23225,1.23285,1.60,1.00
2009.10.28 19:22:10.778,1.23215,1.23285,2.40,1.00
2009.10.28 19:22:13.107,1.2323,1.23305,3.50,1.00
2009.10.28 19:22:13.797,1.2325,1.23305,1.60,1.00
2009.10.28 19:22:14.607,1.23235,1.233,1.60,1.00
2009.10.28 19:22:28.503,1.2322,1.233,1.60,1.00
2009.10.28 19:22:39.501,1.23225,1.23295,1.60,2.00
2009.10.28 19:22:39.921,1.23225,1.23295,1.60,1.90
2009.10.28 19:22:40.101,1.23225,1.233,1.60,1.00
2009.10.28 19:22:53.388,1.23225,1.23335,1.60,2.00
2009.10.28 19:22:54.267,1.23225,1.2333,1.60,1.00
2009.10.28 19:22:56.057,1.23225,1.2332,1.60,1.90
2009.10.28 19:22:57.217,1.23225,1.2332,1.60,2.00
2009.10.28 19:23:03.575,1.2323,1.2332,1.00,2.00
2009.10.28 19:23:03.795,1.2324,1.2332,1.60,2.00
2009.10.28 19:23:03.965,1.2324,1.2332,1.60,1.90
2009.10.28 19:23:04.205,1.2325,1.23375,1.00,1.90
2009.10.28 19:23:04.565,1.23265,1.23395,1.60,4.10
2009.10.28 19:23:04.915,1.23265,1.23375,1.60,1.90
2009.10.28 19:23:05.265,1.23265,1.23365,1.60,1.90
2009.10.28 19:23:05.605,1.2327,1.2339,1.60,1.00
2009.10.28 19:23:05.785,1.2327,1.2339,1.60,2.00
2009.10.28 19:23:06.945,1.2327,1.23385,1.60,1.00
2009.10.28 19:23:07.274,1.2327,1.23385,1.60,2.00
2009.10.28 19:23:08.314,1.2328,1.23385,1.60,1.00
2009.10.28 19:23:08.654,1.2328,1.23385,1.60,1.90
2009.10.28 19:23:10.324,1.23285,1.2338,1.60,1.00
2009.10.28 19:23:11.383,1.23285,1.23375,1.60,1.00
2009.10.28 19:23:12.373,1.23285,1.2338,1.60,1.00
2009.10.28 19:23:13.543,1.23245,1.23375,10.40,1.00
2009.10.28 19:23:13.873,1.2326,1.23375,1.60,1.00
2009.10.28 19:23:15.522,1.2327,1.23385,1.60,2.00
2009.10.28 19:23:15.582,1.2327,1.23385,1.60,1.00
2009.10.28 19:23:15.812,1.2327,1.23405,1.60,2.00
2009.10.28 19:23:15.932,1.2327,1.234,1.60,1.90
2009.10.28 19:23:16.562,1.2327,1.234,1.60,2.00
2009.10.28 19:23:16.962,1.2327,1.2338,1.60,1.90
2009.10.28 19:23:17.842,1.2327,1.2339,1.60,1.00
2009.10.28 19:23:18.981,1.2327,1.2338,1.60,1.00
2009.10.28 19:23:19.211,1.2327,1.23375,1.60,1.90
2009.10.28 19:23:19.371,1.2327,1.2338,1.60,1.00
2009.10.28 19:23:19.601,1.2327,1.23375,1.60,1.90
2009.10.28 19:23:20.241,1.2327,1.2338,1.60,1.00
2009.10.28 19:23:20.581,1.2327,1.23375,1.60,1.90
2009.10.28 19:23:21.261,1.2325,1.2338,1.60,2.00
2009.10.28 19:23:21.421,1.23235,1.2337,1.60,1.00
2009.10.28 19:23:21.761,1.23225,1.2336,2.40,1.90
2009.10.28 19:23:21.921,1.2323,1.2336,1.00,1.90
2009.10.28 19:23:22.101,1.2323,1.2337,1.00,1.00
2009.10.28 19:23:22.221,1.2323,1.23375,9.60,1.90
2009.10.28 19:23:22.561,1.23235,1.2336,1.60,1.90
2009.10.28 19:23:22.960,1.23235,1.2336,10.40,1.90
2009.10.28 19:23:23.310,1.23235,1.2337,10.40,1.00
2009.10.28 19:23:24.510,1.23245,1.23365,1.60,1.00
2009.10.28 19:23:27.460,1.23245,1.2336,1.60,1.90
2009.10.28 19:23:28.879,1.23245,1.2335,1.60,1.00
2009.10.28 19:23:33.688,1.23245,1.2335,1.60,2.00
2009.10.28 19:23:34.308,1.23245,1.23345,1.60,1.00
2009.10.28 19:23:34.947,1.2321,1.23345,1.00,1.00
2009.10.28 19:23:35.127,1.2321,1.23335,1.00,1.90
2009.10.28 19:23:35.357,1.23205,1.23335,1.00,2.00
2009.10.28 19:23:35.527,1.23215,1.23335,1.00,2.00
2009.10.28 19:23:35.687,1.23215,1.23335,1.00,2.00
2009.10.28 19:23:36.367,1.23225,1.23335,1.00,1.00
2009.10.28 19:23:36.867,1.23205,1.23335,2.40,2.00
2009.10.28 19:23:37.727,1.23225,1.2333,1.60,1.00
2009.10.28 19:23:38.727,1.2322,1.2333,1.00,1.00
2009.10.28 19:23:39.407,1.23225,1.23285,1.00,1.90
2009.10.28 19:23:39.686,1.23205,1.23285,2.40,1.90
2009.10.28 19:23:40.266,1.23205,1.23295,2.40,1.90
2009.10.28 19:23:40.446,1.23225,1.23315,1.60,1.00
2009.10.28 19:23:40.606,1.23225,1.2332,2.40,1.00
2009.10.28 19:23:40.786,1.23205,1.23345,1.60,2.00
2009.10.28 19:23:40.966,1.23215,1.23345,1.00,2.00
2009.10.28 19:23:41.136,1.23225,1.2334,1.00,1.00
2009.10.28 19:23:41.306,1.23225,1.2334,2.40,1.00
2009.10.28 19:23:41.536,1.2324,1.2334,1.60,1.00
2009.10.28 19:23:42.567,1.23225,1.2333,2.40,1.00
2009.10.28 19:23:42.866,1.23225,1.2334,1.60,1.00
2009.10.28 19:23:43.496,1.23225,1.23315,1.60,1.90
2009.10.28 19:23:43.785,1.2323,1.23325,1.60,1.90
2009.10.28 19:23:44.475,1.2323,1.2332,1.60,1.90
2009.10.28 19:23:45.295,1.2323,1.233,1.60,1.00
2009.10.28 19:23:45.575,1.23235,1.233,1.60,1.00
2009.10.28 19:23:45.805,1.23235,1.233,1.60,2.20
2009.10.28 19:23:46.215,1.23235,1.23295,1.60,1.00
2009.10.28 19:23:47.245,1.23235,1.2329,1.60,1.00
2009.10.28 19:23:47.875,1.23235,1.23295,1.60,1.00
2009.10.28 19:23:48.464,1.23235,1.23295,1.60,1.00
2009.10.28 19:23:49.394,1.23235,1.23295,1.60,1.00
2009.10.28 19:23:51.254,1.23235,1.23295,1.60,1.00
2009.10.28 19:23:53.433,1.23245,1.23295,1.60,1.00
2009.10.28 19:23:56.242,1.2323,1.23305,2.40,1.00
2009.10.28 19:23:58.202,1.23205,1.23305,11.20,2.00
2009.10.28 19:23:58.562,1.23205,1.23305,2.40,2.00
2009.10.28 19:24:01.771,1.23215,1.23295,2.40,1.90
2009.10.28 19:24:03.301,1.23215,1.23295,2.40,2.00
2009.10.28 19:24:04.300,1.23215,1.2329,2.40,1.00
2009.10.28 19:24:05.980,1.23215,1.23295,2.40,1.90
2009.10.28 19:24:06.040,1.23215,1.23305,2.40,2.00
2009.10.28 19:24:11.489,1.2322,1.23305,1.00,1.90
2009.10.28 19:24:11.539,1.2323,1.23325,1.60,2.00
2009.10.28 19:24:13.888,1.2324,1.2332,1.60,2.00
2009.10.28 19:24:14.228,1.2324,1.2333,1.60,1.00
2009.10.28 19:24:16.318,1.2324,1.2332,1.60,1.90
2009.10.28 19:24:16.487,1.2324,1.23335,1.60,1.00
2009.10.28 19:24:17.927,1.23265,1.2333,1.00,1.00
2009.10.28 19:24:18.167,1.2325,1.2335,1.90,1.00
2009.10.28 19:24:18.447,1.2323,1.2333,1.60,1.90
2009.10.28 19:24:18.747,1.2325,1.23345,1.60,2.00
2009.10.28 19:24:18.977,1.23235,1.23345,1.60,2.00
2009.10.28 19:24:19.837,1.23235,1.23325,1.60,1.90
2009.10.28 19:24:22.206,1.2324,1.2332,1.60,2.00
2009.10.28 19:24:23.136,1.2324,1.23325,1.60,1.00
2009.10.28 19:24:23.426,1.2325,1.23325,1.60,1.00
2009.10.28 19:24:23.716,1.2325,1.2333,1.60,1.00
2009.10.28 19:24:25.236,1.23255,1.23335,1.60,2.00
2009.10.28 19:24:28.465,1.23255,1.23335,1.60,1.00
2009.10.28 19:24:28.805,1.23255,1.23345,1.60,2.00
2009.10.28 19:24:34.513,1.23255,1.23335,1.60,2.00
2009.10.28 19:24:37.902,1.23255,1.2333,1.60,2.00
2009.10.28 19:24:38.712,1.23255,1.2332,1.60,1.90
2009.10.28 19:24:40.322,1.23255,1.23315,1.60,2.00
2009.10.28 19:24:40.912,1.23255,1.2332,1.60,1.00
2009.10.28 19:24:42.341,1.23255,1.23315,1.60,1.00
2009.10.28 19:24:49.270,1.23255,1.23325,1.60,1.90
2009.10.28 19:24:49.659,1.23255,1.23335,1.60,2.00
2009.10.28 19:24:54.219,1.23255,1.2333,1.60,1.00
2009.10.28 19:24:54.439,1.23255,1.2333,1.60,2.00
2009.10.28 19:24:55.358,1.23235,1.23325,1.60,1.00
2009.10.28 19:24:55.698,1.23235,1.2332,1.60,1.90
2009.10.28 19:24:56.878,1.2324,1.23315,1.60,1.00
2009.10.28 19:24:56.988,1.2323,1.23315,1.60,1.00
2009.10.28 19:24:57.378,1.2323,1.2332,1.60,2.00
2009.10.28 19:24:57.547,1.2321,1.2332,1.60,2.00
2009.10.28 19:24:57.658,1.23225,1.2332,1.60,2.00
2009.10.28 19:25:00.597,1.2324,1.2332,1.60,2.00
2009.10.28 19:25:04.646,1.2324,1.23315,1.60,2.00
2009.10.28 19:25:05.536,1.2324,1.2331,1.60,1.00
2009.10.28 19:25:06.126,1.2324,1.2331,1.60,2.70
2009.10.28 19:25:06.366,1.2323,1.2331,1.60,2.80
2009.10.28 19:25:06.606,1.2321,1.23305,1.60,1.90
2009.10.28 19:25:06.825,1.2321,1.233,1.60,1.00
2009.10.28 19:25:07.105,1.2321,1.23295,1.60,1.90
2009.10.28 19:25:07.345,1.2321,1.23295,1.60,2.70
2009.10.28 19:25:07.945,1.23225,1.23295,1.00,2.20
2009.10.28 19:25:08.885,1.23225,1.2331,1.00,1.00
2009.10.28 19:25:09.565,1.2323,1.2331,1.00,1.00
2009.10.28 19:25:14.144,1.23235,1.23315,8.90,1.00
2009.10.28 19:25:14.324,1.23235,1.23305,8.80,1.90
2009.10.28 19:25:14.504,1.2321,1.23305,1.60,1.90
2009.10.28 19:25:16.263,1.23215,1.23305,1.60,2.00
2009.10.28 19:25:19.422,1.23215,1.23295,1.60,1.90
2009.10.28 19:25:30.740,1.23215,1.2331,1.60,2.00
2009.10.28 19:25:33.059,1.23215,1.23305,1.60,2.80
2009.10.28 19:25:33.689,1.23215,1.23305,1.60,2.00
2009.10.28 19:25:36.878,1.23225,1.23325,1.60,2.80
2009.10.28 19:25:37.038,1.23225,1.2332,1.60,1.00
2009.10.28 19:25:37.148,1.23225,1.23305,1.60,1.90
2009.10.28 19:25:37.378,1.23225,1.23325,1.60,2.00
2009.10.28 19:25:41.667,1.2323,1.23315,1.60,1.00
2009.10.28 19:25:43.957,1.2324,1.2332,1.60,2.00
2009.10.28 19:25:44.127,1.2324,1.23315,1.60,1.00
2009.10.28 19:25:44.306,1.2324,1.2331,1.60,1.90
2009.10.28 19:25:45.147,1.2323,1.2331,1.60,1.90
2009.10.28 19:25:45.556,1.2323,1.233,1.60,1.90
2009.10.28 19:25:46.386,1.2323,1.233,1.60,2.00
2009.10.28 19:25:46.606,1.2321,1.23295,1.60,2.00
2009.10.28 19:25:47.576,1.2321,1.2329,1.60,1.00
2009.10.28 19:25:48.865,1.232,1.2329,2.40,1.00
2009.10.28 19:25:49.035,1.23225,1.23295,1.60,1.00
2009.10.28 19:25:50.255,1.2323,1.233,1.60,2.00
2009.10.28 19:26:03.772,1.2323,1.2331,1.60,1.90
2009.10.28 19:26:04.012,1.2323,1.2332,1.60,2.00
2009.10.28 19:26:05.661,1.2324,1.2332,1.60,2.00
2009.10.28 19:26:06.581,1.2323,1.23315,1.60,1.00
2009.10.28 19:26:13.430,1.2323,1.2331,1.60,2.00
2009.10.28 19:26:14.419,1.2323,1.23305,1.60,1.00
2009.10.28 19:26:19.978,1.2323,1.233,1.60,2.00
2009.10.28 19:26:23.627,1.2323,1.23305,1.60,1.00
2009.10.28 19:26:35.474,1.2323,1.233,1.60,2.00
2009.10.28 19:26:35.594,1.2321,1.233,1.60,2.00
2009.10.28 19:26:35.654,1.2321,1.23295,1.60,1.90
2009.10.28 19:26:36.054,1.2321,1.23295,1.60,2.00
2009.10.28 19:26:36.174,1.2321,1.2329,1.60,1.90
2009.10.28 19:26:37.854,1.23215,1.2329,1.60,2.00
2009.10.28 19:26:38.323,1.23215,1.23285,1.60,1.00
2009.10.28 19:26:39.003,1.23215,1.2329,1.60,1.00
2009.10.28 19:26:41.383,1.23215,1.23295,1.60,1.90
2009.10.28 19:26:41.493,1.23215,1.23305,1.60,2.00
2009.10.28 19:26:41.882,1.23215,1.23295,1.60,1.90
2009.10.28 19:26:43.262,1.23215,1.23295,1.60,2.00
2009.10.28 19:26:44.272,1.23215,1.2329,1.60,1.00
2009.10.28 19:26:50.700,1.23215,1.2331,1.60,2.00
2009.10.28 19:26:51.560,1.23215,1.2331,1.60,1.90
2009.10.28 19:26:51.720,1.2323,1.23305,1.60,1.90
2009.10.28 19:26:52.080,1.2323,1.2331,1.60,1.00
2009.10.28 19:26:53.180,1.2324,1.23315,1.60,2.00
2009.10.28 19:26:54.789,1.2324,1.2331,1.60,1.00
2009.10.28 19:26:57.269,1.2324,1.23315,1.60,1.00
2009.10.28 19:26:58.379,1.2324,1.2332,1.60,2.00
2009.10.28 19:27:00.808,1.23235,1.2332,2.40,1.00
2009.10.28 19:27:03.407,1.2323,1.23315,4.10,1.00
2009.10.28 19:27:03.577,1.2326,1.23315,1.60,2.10
2009.10.28 19:27:03.757,1.23235,1.233,1.60,1.90
2009.10.28 19:27:05.267,1.2324,1.23295,1.60,1.00
2009.10.28 19:27:09.696,1.23235,1.2332,1.00,1.00
2009.10.28 19:27:09.986,1.2323,1.2331,1.60,2.00
2009.10.28 19:27:11.335,1.2323,1.2329,1.60,1.00
2009.10.28 19:27:12.165,1.2323,1.2329,1.60,1.00
2009.10.28 19:27:43.428,1.2323,1.23295,1.60,1.00
2009.10.28 19:27:43.708,1.2324,1.23295,1.60,1.00
2009.10.28 19:27:59.394,1.2321,1.2329,2.40,1.00
2009.10.28 19:28:00.244,1.2323,1.23285,1.60,1.00
2009.10.28 19:28:00.543,1.2323,1.23285,1.60,1.00
2009.10.28 19:28:21.809,1.2321,1.23285,1.60,1.00
2009.10.28 19:28:21.979,1.2321,1.2328,1.60,2.10
2009.10.28 19:28:23.588,1.23215,1.23265,1.60,1.00
2009.10.28 19:28:24.468,1.23215,1.23265,1.60,1.00
2009.10.28 19:28:30.157,1.23215,1.23295,1.60,2.00
2009.10.28 19:28:31.326,1.23215,1.23285,1.60,1.00
2009.10.28 19:28:31.556,1.23215,1.2328,1.60,2.00
2009.10.28 19:28:31.786,1.2321,1.2328,1.00,2.00
2009.10.28 19:28:32.606,1.2321,1.2329,1.00,2.00
2009.10.28 19:28:33.056,1.232,1.2329,2.40,2.00
2009.10.28 19:28:39.174,1.2321,1.23285,1.60,1.90
2009.10.28 19:28:39.514,1.2321,1.2328,1.60,1.00
2009.10.28 19:28:40.514,1.23215,1.2328,1.60,1.00
2009.10.28 19:28:58.610,1.23225,1.23295,1.60,1.00
2009.10.28 19:28:59.260,1.23225,1.2331,1.60,2.00
2009.10.28 19:29:00.309,1.2323,1.233,1.60,1.00
2009.10.28 19:29:01.019,1.2323,1.233,1.60,1.00
2009.10.28 19:29:01.519,1.2323,1.233,1.60,1.00
2009.10.28 19:29:06.068,1.2323,1.2332,1.60,1.00
2009.10.28 19:29:19.255,1.2323,1.2331,1.60,1.90
2009.10.28 19:29:19.544,1.2321,1.23305,1.60,1.90
2009.10.28 19:29:21.354,1.23215,1.23305,1.60,2.00
2009.10.28 19:29:28.232,1.23225,1.23305,1.60,2.00
2009.10.28 19:29:28.512,1.23225,1.23325,1.60,2.00
2009.10.28 19:29:29.142,1.23225,1.23315,1.60,1.90
2009.10.28 19:29:29.942,1.2321,1.2331,1.60,1.90
2009.10.28 19:29:30.302,1.2321,1.23305,1.60,1.90
2009.10.28 19:29:31.452,1.23225,1.23325,1.60,2.00
2009.10.28 19:29:31.742,1.23225,1.23315,1.60,1.90
2009.10.28 19:29:32.042,1.2321,1.2331,1.60,1.90
2009.10.28 19:29:33.481,1.23215,1.23305,1.60,2.00
2009.10.28 19:29:35.961,1.23235,1.23315,1.00,1.00
2009.10.28 19:29:37.240,1.2325,1.23325,1.00,1.00
2009.10.28 19:29:38.300,1.2325,1.2333,1.00,1.00
2009.10.28 19:29:39.270,1.2325,1.2333,1.00,1.00
2009.10.28 19:29:45.848,1.2327,1.2333,1.60,1.00
2009.10.28 19:29:46.718,1.23275,1.2333,1.00,1.00
2009.10.28 19:29:46.838,1.23275,1.2335,1.00,1.00
2009.10.28 19:29:47.018,1.23285,1.2336,1.00,1.00
2009.10.28 19:29:47.068,1.2328,1.2336,1.60,1.00
2009.10.28 19:29:47.518,1.23255,1.23355,1.60,2.00
2009.10.28 19:29:47.908,1.23255,1.23345,1.60,1.90
2009.10.28 19:29:47.968,1.2324,1.23345,8.80,1.90
2009.10.28 19:29:48.308,1.23235,1.23345,1.60,2.00
2009.10.28 19:29:49.368,1.2324,1.2334,1.60,1.00
2009.10.28 19:29:52.537,1.23245,1.2334,1.00,1.00
2009.10.28 19:29:52.757,1.23255,1.23345,1.60,2.00
2009.10.28 19:29:52.927,1.23235,1.23345,1.60,2.00
2009.10.28 19:29:53.966,1.2325,1.23345,1.60,2.00
2009.10.28 19:29:55.316,1.23265,1.2334,1.60,1.90
2009.10.28 19:29:56.766,1.2327,1.2334,1.60,2.00
2009.10.28 19:29:57.216,1.2327,1.23335,1.60,1.00
2009.10.28 19:29:57.666,1.2327,1.23345,1.60,1.00
2009.10.28 19:30:16.491,1.2328,1.2335,1.60,1.00
2009.10.28 19:30:18.241,1.23285,1.23385,1.60,2.80
2009.10.28 19:30:18.410,1.23285,1.23385,1.60,2.00
2009.10.28 19:30:26.488,1.23305,1.2338,1.60,1.00
2009.10.28 19:30:27.748,1.2331,1.23385,1.60,1.00
2009.10.28 19:30:28.088,1.2329,1.23385,1.60,1.00
2009.10.28 19:30:28.248,1.23315,1.23385,1.60,1.00
2009.10.28 19:30:28.358,1.23315,1.23395,1.60,1.00
2009.10.28 19:30:28.528,1.233,1.2339,1.60,1.90
2009.10.28 19:30:30.368,1.2331,1.23385,1.60,1.00
2009.10.28 19:30:31.177,1.2331,1.2338,1.60,1.00
2009.10.28 19:30:33.497,1.2331,1.2339,1.60,1.90
2009.10.28 19:30:33.667,1.2331,1.23395,1.60,1.00
2009.10.28 19:30:34.067,1.2331,1.23415,1.60,1.00
2009.10.28 19:30:35.096,1.2331,1.2342,1.60,1.00
2009.10.28 19:30:35.436,1.23325,1.2342,1.60,1.00
2009.10.28 19:30:38.416,1.23295,1.23415,1.60,1.00
2009.10.28 19:30:38.656,1.23295,1.2341,1.60,1.90
2009.10.28 19:30:40.315,1.233,1.23405,1.60,1.00
2009.10.28 19:30:47.004,1.233,1.23405,1.60,1.00
2009.10.28 19:30:47.933,1.233,1.23405,1.60,1.00
2009.10.28 19:31:10.218,1.23315,1.234,1.60,1.90
2009.10.28 19:31:10.578,1.23315,1.23395,1.60,1.00
2009.10.28 19:31:10.918,1.23315,1.2339,1.60,1.90
2009.10.28 19:31:12.068,1.23315,1.2338,1.60,1.00
2009.10.28 19:31:13.267,1.23315,1.23375,1.60,1.00
2009.10.28 19:31:14.287,1.23315,1.2337,1.60,1.00
2009.10.28 19:31:16.557,1.23315,1.23375,1.60,1.00
2009.10.28 19:31:19.746,1.23315,1.23375,1.60,2.80
2009.10.28 19:31:20.106,1.2329,1.23365,1.60,1.90
2009.10.28 19:31:21.205,1.2327,1.23355,1.80,1.00
2009.10.28 19:31:22.235,1.23295,1.2335,1.60,1.00
2009.10.28 19:31:23.215,1.23295,1.23345,1.60,1.00
2009.10.28 19:31:29.653,1.23295,1.2336,1.60,1.00
2009.10.28 19:31:31.223,1.23305,1.23355,1.60,1.00
2009.10.28 19:31:37.012,1.2331,1.23375,1.60,1.00
2009.10.28 19:31:37.661,1.2331,1.2339,1.60,1.90
2009.10.28 19:31:37.842,1.2331,1.23395,1.60,1.00
2009.10.28 19:31:38.421,1.2331,1.23405,1.60,1.00
2009.10.28 19:31:38.761,1.2331,1.2339,1.60,1.90
2009.10.28 19:31:42.320,1.2334,1.23375,1.60,1.00
2009.10.28 19:31:54.087,1.2332,1.23375,1.60,1.00
2009.10.28 19:31:55.447,1.233,1.2337,1.80,1.00
2009.10.28 19:31:58.017,1.23285,1.2337,2.50,1.00
2009.10.28 19:31:59.076,1.2331,1.2336,1.60,1.00
2009.10.28 19:31:59.416,1.2329,1.2336,1.60,1.00
2009.10.28 19:32:00.436,1.23275,1.23355,1.80,1.00
2009.10.28 19:32:07.384,1.23305,1.23355,1.60,1.00
2009.10.28 19:32:18.232,1.2331,1.2335,1.60,1.00
2009.10.28 19:32:21.511,1.2329,1.2335,1.60,1.00
2009.10.28 19:32:21.741,1.2328,1.23345,1.60,1.00
2009.10.28 19:32:22.380,1.23265,1.23335,1.60,2.00
2009.10.28 19:32:23.450,1.2327,1.2333,1.60,1.00
2009.10.28 19:32:24.480,1.2327,1.23315,1.60,1.00
2009.10.28 19:32:26.780,1.2327,1.23325,1.60,1.00
2009.10.28 19:32:28.509,1.2325,1.23325,1.60,1.00
2009.10.28 19:32:30.929,1.23255,1.23325,1.60,1.00
2009.10.28 19:32:31.268,1.23255,1.23315,1.60,1.00
2009.10.28 19:32:33.468,1.2323,1.23315,2.50,1.00
2009.10.28 19:32:35.607,1.2323,1.23315,1.80,1.00
2009.10.28 19:32:53.753,1.23255,1.23305,1.60,1.00
2009.10.28 19:32:53.873,1.23235,1.23305,1.60,1.00
2009.10.28 19:32:55.213,1.2324,1.23305,1.60,1.00
2009.10.28 19:33:03.881,1.2324,1.233,1.60,1.00
2009.10.28 19:33:04.160,1.2322,1.233,2.40,2.00
2009.10.28 19:33:04.270,1.23215,1.233,2.50,1.00
2009.10.28 19:33:04.431,1.23215,1.233,2.50,1.00
2009.10.28 19:33:07.310,1.2323,1.233,1.60,2.00
2009.10.28 19:33:08.230,1.2323,1.23295,1.60,1.00
2009.10.28 19:33:09.649,1.2323,1.23285,1.60,1.00
2009.10.28 19:33:26.595,1.2321,1.23285,1.60,2.00
2009.10.28 19:33:26.825,1.2321,1.2328,1.60,1.00
2009.10.28 19:33:28.295,1.23215,1.23275,1.60,1.00
2009.10.28 19:33:40.202,1.23225,1.2327,1.60,1.00
2009.10.28 19:33:41.272,1.2323,1.23275,1.60,1.00
2009.10.28 19:33:43.871,1.2323,1.23275,1.60,1.00
2009.10.28 19:33:44.111,1.2321,1.2327,1.60,1.00
2009.10.28 19:33:51.699,1.232,1.2328,2.40,1.90
2009.10.28 19:33:51.879,1.23215,1.23285,2.40,1.00
2009.10.28 19:33:52.339,1.23215,1.23285,2.40,1.00
2009.10.28 19:33:52.579,1.23215,1.233,2.40,1.00
2009.10.28 19:33:52.809,1.23225,1.233,1.00,1.00
2009.10.28 19:33:53.089,1.23215,1.233,2.40,1.00
2009.10.28 19:33:53.319,1.23215,1.23295,2.40,1.00
2009.10.28 19:33:53.619,1.23215,1.23315,2.40,1.00
2009.10.28 19:33:53.909,1.23225,1.23315,1.00,1.00
2009.10.28 19:33:54.198,1.23215,1.23335,1.60,1.00
2009.10.28 19:33:55.059,1.23225,1.23335,1.00,1.00
2009.10.28 19:33:57.248,1.23225,1.23325,1.00,1.00
2009.10.28 19:33:58.207,1.23225,1.2332,1.00,1.00
2009.10.28 19:34:02.886,1.2323,1.2332,1.60,1.00
2009.10.28 19:34:03.396,1.2323,1.2334,1.60,1.00
2009.10.28 19:34:04.486,1.2323,1.2333,1.60,1.00
2009.10.28 19:34:06.936,1.2323,1.2334,1.60,1.00
2009.10.28 19:34:08.365,1.2323,1.23345,1.60,1.00
2009.10.28 19:34:08.705,1.2324,1.23345,1.60,1.00
2009.10.28 19:34:08.995,1.2323,1.23345,8.80,1.00
2009.10.28 19:34:09.225,1.23225,1.23345,1.60,1.00
2009.10.28 19:34:10.434,1.2323,1.2334,1.60,1.00
2009.10.28 19:34:11.694,1.2323,1.23345,1.60,1.00
2009.10.28 19:34:11.814,1.2323,1.23345,2.40,1.00
2009.10.28 19:34:11.934,1.2324,1.23345,1.60,1.00
2009.10.28 19:34:16.403,1.23235,1.23345,8.80,1.00
2009.10.28 19:34:16.573,1.2323,1.23345,1.60,1.00
2009.10.28 19:34:18.233,1.2323,1.2334,1.60,1.00
2009.10.28 19:34:20.612,1.2324,1.2338,1.00,4.00
2009.10.28 19:34:20.902,1.23305,1.2338,1.00,4.00
2009.10.28 19:34:21.252,1.23295,1.2338,1.00,4.00
2009.10.28 19:34:21.582,1.2329,1.23375,1.00,1.90
2009.10.28 19:34:21.812,1.23215,1.23365,1.60,1.00
2009.10.28 19:34:22.032,1.23215,1.23365,2.40,1.00
2009.10.28 19:34:22.252,1.2323,1.2337,1.60,1.00
2009.10.28 19:34:22.822,1.2323,1.23375,1.60,2.40
2009.10.28 19:34:23.162,1.2323,1.2338,1.60,1.00
2009.10.28 19:34:24.331,1.23235,1.2338,1.60,1.00
2009.10.28 19:34:24.631,1.23235,1.2337,1.60,1.00
2009.10.28 19:34:25.201,1.23235,1.23375,1.60,1.00
2009.10.28 19:34:25.491,1.23235,1.2337,1.60,1.00
2009.10.28 19:34:25.841,1.23225,1.23365,1.00,1.00
2009.10.28 19:34:26.191,1.23305,1.23385,1.00,4.00
2009.10.28 19:34:26.531,1.23195,1.23385,1.00,1.00
2009.10.28 19:34:26.831,1.232,1.23385,2.40,1.00
2009.10.28 19:34:27.171,1.2323,1.23385,1.60,1.00
2009.10.28 19:34:27.440,1.232,1.2338,2.40,1.00
2009.10.28 19:34:27.731,1.2323,1.2338,1.60,1.00
2009.10.28 19:34:28.020,1.2323,1.2338,1.60,1.00
2009.10.28 19:34:29.570,1.23215,1.2338,2.40,1.00
2009.10.28 19:34:29.960,1.23215,1.2338,1.60,1.00
2009.10.28 19:34:31.700,1.2322,1.2337,1.60,1.00
2009.10.28 19:34:31.919,1.23235,1.2337,1.60,1.00
2009.10.28 19:34:32.599,1.23245,1.2337,1.60,1.00
2009.10.28 19:34:32.879,1.23245,1.23375,1.60,1.00
2009.10.28 19:34:33.339,1.2325,1.23365,1.60,1.00
2009.10.28 19:34:33.979,1.2325,1.2337,1.60,1.00
2009.10.28 19:34:34.269,1.23265,1.2337,1.60,1.00
2009.10.28 19:34:38.638,1.2327,1.23365,1.60,1.00
2009.10.28 19:34:40.087,1.2327,1.23375,1.60,2.70
2009.10.28 19:34:40.477,1.2328,1.2338,1.60,1.00
2009.10.28 19:34:40.777,1.2327,1.2338,1.60,2.00
2009.10.28 19:34:41.117,1.2327,1.2338,1.60,1.00
2009.10.28 19:34:41.507,1.2327,1.2338,1.60,2.00
2009.10.28 19:34:41.777,1.2325,1.23375,1.60,2.00
2009.10.28 19:34:42.877,1.23255,1.2337,1.60,1.00
2009.10.28 19:34:43.047,1.23265,1.2337,1.60,1.00
2009.10.28 19:34:44.707,1.2325,1.23365,1.60,1.00
2009.10.28 19:34:45.896,1.23265,1.2337,1.60,1.00
2009.10.28 19:34:50.335,1.2328,1.2337,1.60,1.00
2009.10.28 19:34:51.695,1.2327,1.2337,1.60,1.00
2009.10.28 19:34:51.925,1.2327,1.23375,1.60,1.00
2009.10.28 19:34:52.105,1.2328,1.23375,1.60,1.00
2009.10.28 19:34:53.674,1.2327,1.23375,1.60,1.00
2009.10.28 19:34:54.034,1.2328,1.23375,1.60,1.00
2009.10.28 19:34:54.374,1.2327,1.23375,1.60,1.00
2009.10.28 19:34:55.184,1.2325,1.23375,1.60,1.00
2009.10.28 19:34:55.414,1.2325,1.23375,1.60,2.80
2009.10.28 19:34:56.463,1.23255,1.23365,1.60,1.00
2009.10.28 19:34:57.213,1.23255,1.2336,1.60,1.00
2009.10.28 19:34:58.413,1.23255,1.2337,1.60,1.00
2009.10.28 19:34:58.533,1.23265,1.2337,1.60,1.00
2009.10.28 19:35:01.922,1.2327,1.23375,1.60,1.00
2009.10.28 19:35:02.142,1.2328,1.23375,1.60,1.00
2009.10.28 19:35:02.262,1.2327,1.23375,1.60,1.00
2009.10.28 19:35:04.411,1.2327,1.23375,1.60,1.00
2009.10.28 19:35:05.691,1.2328,1.23375,1.60,1.00
2009.10.28 19:35:06.041,1.2327,1.23375,1.60,1.00
2009.10.28 19:35:09.481,1.2328,1.23375,1.60,1.00
2009.10.28 19:35:11.410,1.2327,1.2337,1.60,1.90
2009.10.28 19:35:11.580,1.2327,1.23375,1.60,1.00
2009.10.28 19:35:12.270,1.2328,1.23375,1.60,1.00
2009.10.28 19:35:13.070,1.2327,1.23375,1.60,1.00
2009.10.28 19:35:13.569,1.2328,1.23375,1.60,1.00
2009.10.28 19:35:14.269,1.2328,1.2338,1.60,1.00
2009.10.28 19:35:15.419,1.2328,1.2338,1.60,1.00
2009.10.28 19:35:18.218,1.2328,1.23375,1.60,1.00
2009.10.28 19:35:18.328,1.2327,1.23375,1.60,1.00
2009.10.28 19:35:27.106,1.2328,1.23385,1.60,1.00
2009.10.28 19:35:27.966,1.2328,1.2338,1.60,1.00
2009.10.28 19:35:29.406,1.2328,1.23375,1.60,1.00
2009.10.28 19:35:29.696,1.2327,1.23375,1.60,1.00
2009.10.28 19:35:34.694,1.2328,1.2339,1.60,1.00
2009.10.28 19:35:37.064,1.2328,1.23385,1.60,1.00
2009.10.28 19:35:38.253,1.2328,1.2338,1.60,1.00
2009.10.28 19:35:38.303,1.2328,1.2338,1.60,1.00
2009.10.28 19:35:39.203,1.2328,1.2339,1.60,1.00
2009.10.28 19:35:41.543,1.2328,1.2338,1.60,1.00
2009.10.28 19:35:44.302,1.2329,1.2338,1.60,1.00
2009.10.28 19:35:47.211,1.2331,1.2338,1.00,1.00
2009.10.28 19:35:47.331,1.233,1.234,1.90,1.00
2009.10.28 19:35:47.501,1.23295,1.234,1.00,1.00
2009.10.28 19:35:47.681,1.23295,1.234,1.00,1.00
2009.10.28 19:35:49.531,1.23305,1.23385,1.00,1.00
2009.10.28 19:35:50.341,1.2327,1.23375,1.60,1.00
2009.10.28 19:35:50.690,1.2329,1.2338,1.60,1.00
2009.10.28 19:35:50.990,1.2329,1.2338,1.60,2.80
2009.10.28 19:35:51.870,1.233,1.2338,1.60,2.70
2009.10.28 19:35:54.730,1.2331,1.23385,1.60,1.00
2009.10.28 19:35:56.539,1.23315,1.23385,1.60,1.00
2009.10.28 19:35:56.709,1.23285,1.23385,4.40,1.00
2009.10.28 19:35:58.099,1.2333,1.23395,1.60,1.00
2009.10.28 19:35:58.149,1.2333,1.23395,1.60,1.00
2009.10.28 19:35:58.449,1.2333,1.23395,1.60,2.80
2009.10.28 19:35:59.218,1.2333,1.23395,1.60,3.00
2009.10.28 19:36:00.358,1.2333,1.2339,1.60,1.00
2009.10.28 19:36:00.898,1.2329,1.2338,1.60,2.00
2009.10.28 19:36:01.178,1.23305,1.2338,1.60,1.00
2009.10.28 19:36:01.468,1.23305,1.234,1.60,1.00
2009.10.28 19:36:01.708,1.2329,1.23395,1.60,1.00
2009.10.28 19:36:01.938,1.233,1.23395,1.60,2.00
2009.10.28 19:36:02.168,1.23315,1.23395,1.60,1.00
2009.10.28 19:36:02.388,1.2333,1.2339,1.60,1.00
2009.10.28 19:36:02.728,1.2333,1.2339,1.60,1.00
2009.10.28 19:36:02.958,1.23345,1.2339,1.60,1.00
2009.10.28 19:36:05.387,1.2331,1.23385,1.60,1.00
2009.10.28 19:36:05.687,1.23325,1.23385,1.60,1.00
2009.10.28 19:36:07.256,1.23335,1.2338,1.60,1.00
2009.10.28 19:36:11.635,1.23335,1.23385,1.60,1.00
2009.10.28 19:36:12.095,1.23335,1.23385,1.60,1.00
2009.10.28 19:36:12.255,1.23315,1.23385,1.60,1.00
2009.10.28 19:36:12.425,1.23315,1.2338,1.60,1.00
2009.10.28 19:36:12.765,1.23315,1.2338,1.60,1.00
2009.10.28 19:36:13.465,1.2332,1.23375,1.60,1.00
2009.10.28 19:36:14.265,1.2332,1.2337,1.60,1.00
2009.10.28 19:36:14.665,1.233,1.2337,1.60,2.20
2009.10.28 19:36:15.215,1.233,1.23365,1.60,1.00
2009.10.28 19:36:16.074,1.23315,1.2336,1.60,1.00
2009.10.28 19:36:20.103,1.2329,1.2337,1.80,1.00
2009.10.28 19:36:21.293,1.23295,1.23375,1.80,1.00
2009.10.28 19:36:21.463,1.2333,1.23375,1.60,1.00
2009.10.28 19:36:32.370,1.23335,1.2337,1.60,1.00
2009.10.28 19:36:33.120,1.23335,1.2337,1.60,1.00
2009.10.28 19:36:33.880,1.23335,1.23375,1.60,1.00
2009.10.28 19:36:34.470,1.2329,1.23375,1.60,1.00
2009.10.28 19:36:34.760,1.2331,1.23375,1.60,1.00
2009.10.28 19:36:38.179,1.2329,1.2338,2.50,1.00
2009.10.28 19:36:38.619,1.2332,1.23385,1.60,1.00
2009.10.28 19:36:38.969,1.2332,1.23395,1.60,1.00
2009.10.28 19:36:44.698,1.2332,1.23395,1.60,1.00
2009.10.28 19:36:46.997,1.233,1.23395,11.20,1.00
2009.10.28 19:36:50.366,1.23335,1.234,1.60,1.90
2009.10.28 19:36:50.476,1.23335,1.23405,1.60,1.20
2009.10.28 19:36:51.406,1.23345,1.23405,1.60,1.30
2009.10.28 19:36:52.096,1.23345,1.234,1.60,1.00
2009.10.28 19:36:53.385,1.2335,1.23395,1.60,1.00
2009.10.28 19:36:54.185,1.2335,1.2339,1.60,1.00
2009.10.28 19:37:01.973,1.2335,1.2341,1.60,1.00
2009.10.28 19:37:02.203,1.2335,1.23425,1.60,1.00
2009.10.28 19:37:02.314,1.2335,1.23425,1.60,1.00
2009.10.28 19:37:02.424,1.2335,1.23415,1.60,1.00
2009.10.28 19:37:02.723,1.2335,1.2341,1.60,1.00
2009.10.28 19:37:03.013,1.2335,1.234,1.60,1.00
2009.10.28 19:37:10.131,1.2335,1.23405,1.60,1.00
2009.10.28 19:37:10.421,1.2335,1.23405,1.60,1.20
2009.10.28 19:37:12.041,1.2333,1.23405,2.40,1.20
2009.10.28 19:37:12.321,1.2333,1.23405,2.40,1.00
2009.10.28 19:37:12.431,1.23315,1.23425,4.40,1.00
2009.10.28 19:37:13.111,1.2338,1.2341,1.60,1.00
2009.10.28 19:37:14.201,1.23385,1.23415,1.60,1.80
2009.10.28 19:37:14.540,1.2333,1.23395,1.60,1.00
2009.10.28 19:37:15.120,1.23315,1.23395,1.60,1.00
2009.10.28 19:37:15.470,1.233,1.23395,11.20,1.00
2009.10.28 19:37:19.199,1.2336,1.23395,1.60,1.00
2009.10.28 19:37:19.549,1.2337,1.23405,1.60,1.00
2009.10.28 19:37:19.839,1.2333,1.23405,10.40,1.00
2009.10.28 19:37:20.129,1.2337,1.23405,1.60,1.60
2009.10.28 19:37:20.479,1.2334,1.23405,2.40,1.60
2009.10.28 19:37:21.229,1.2338,1.23405,1.60,1.20
2009.10.28 19:37:21.509,1.23335,1.23405,1.60,1.20
2009.10.28 19:37:22.028,1.23335,1.23405,1.60,1.30
2009.10.28 19:37:24.918,1.2336,1.234,1.60,1.00
2009.10.28 19:37:25.148,1.2334,1.234,1.60,1.00
2009.10.28 19:37:25.378,1.2334,1.23405,1.60,1.20
2009.10.28 19:37:25.938,1.2333,1.23405,10.40,1.00
2009.10.28 19:37:26.817,1.2333,1.23405,10.40,1.60
2009.10.28 19:37:27.447,1.23375,1.23405,1.60,1.60
2009.10.28 19:37:28.077,1.23375,1.23405,1.60,1.00
2009.10.28 19:37:31.946,1.23385,1.23405,1.60,1.00
2009.10.28 19:37:32.636,1.23385,1.23425,1.60,1.00
2009.10.28 19:37:33.106,1.23405,1.2342,1.60,1.90
2009.10.28 19:37:33.226,1.23405,1.2345,1.60,1.00
2009.10.28 19:37:33.346,1.2337,1.2345,1.60,1.00
2009.10.28 19:37:33.586,1.2337,1.2343,1.60,1.00
2009.10.28 19:37:33.986,1.2337,1.23455,1.60,2.80
2009.10.28 19:37:34.325,1.23385,1.2345,1.60,1.00
2009.10.28 19:37:35.235,1.23395,1.2344,1.60,1.00
2009.10.28 19:37:36.805,1.23395,1.23415,1.60,1.00
2009.10.28 19:37:37.165,1.23395,1.23445,1.60,1.00
2009.10.28 19:37:37.335,1.23395,1.2345,1.60,1.00
2009.10.28 19:37:37.515,1.23375,1.2345,1.60,1.00
2009.10.28 19:37:37.865,1.23375,1.23445,1.60,5.90
2009.10.28 19:37:38.045,1.2337,1.2343,1.60,1.00
2009.10.28 19:37:38.205,1.23375,1.23445,1.60,1.00
2009.10.28 19:37:38.555,1.2338,1.2344,1.60,1.00
2009.10.28 19:37:38.894,1.2336,1.23425,1.60,1.00
2009.10.28 19:37:39.584,1.233,1.23415,2.40,1.00
2009.10.28 19:37:39.934,1.23305,1.23405,1.60,1.00
2009.10.28 19:37:40.274,1.23305,1.234,1.60,1.00
2009.10.28 19:37:40.624,1.2334,1.23405,1.60,1.00
2009.10.28 19:37:41.424,1.23375,1.23445,1.60,1.00
2009.10.28 19:37:41.724,1.23375,1.23445,1.60,2.80
2009.10.28 19:37:42.114,1.23375,1.23425,1.60,1.00
2009.10.28 19:37:42.734,1.23365,1.23415,1.60,1.00
2009.10.28 19:37:43.014,1.23365,1.23415,1.60,1.00
2009.10.28 19:37:43.134,1.23365,1.2341,1.60,4.50
2009.10.28 19:37:43.243,1.2333,1.23405,1.60,3.90
2009.10.28 19:37:43.423,1.2333,1.23405,1.60,1.20
2009.10.28 19:37:43.593,1.2332,1.23405,3.50,1.00
2009.10.28 19:37:43.753,1.2333,1.23405,1.60,1.00
2009.10.28 19:37:43.873,1.2333,1.23405,3.50,1.00
2009.10.28 19:37:44.043,1.2334,1.23405,10.40,1.00
2009.10.28 19:37:44.383,1.2334,1.23405,1.60,1.00
2009.10.28 19:37:49.742,1.23355,1.23405,1.60,1.00
2009.10.28 19:37:50.502,1.23325,1.23405,1.80,1.00
2009.10.28 19:37:51.202,1.23305,1.23405,3.20,1.00
2009.10.28 19:37:51.482,1.23365,1.23405,1.60,1.00
2009.10.28 19:37:51.812,1.23385,1.23405,1.60,1.00
2009.10.28 19:37:52.101,1.2335,1.23405,12.30,1.00
2009.10.28 19:37:52.791,1.23395,1.23405,10.40,1.00
2009.10.28 19:37:53.021,1.23395,1.2348,10.40,1.00
2009.10.28 19:37:53.261,1.23395,1.23485,1.60,1.00
2009.10.28 19:37:53.481,1.2337,1.2348,1.60,1.00
2009.10.28 19:37:54.541,1.2339,1.23435,1.60,1.00
2009.10.28 19:37:54.891,1.2339,1.2342,1.60,1.00
2009.10.28 19:37:55.230,1.2337,1.2342,10.40,1.00
2009.10.28 19:37:55.791,1.2337,1.23435,1.60,1.30
2009.10.28 19:37:56.081,1.2337,1.23445,1.60,1.00
2009.10.28 19:37:56.380,1.23375,1.2345,1.60,1.90
2009.10.28 19:37:56.670,1.23375,1.2343,1.60,2.70
2009.10.28 19:37:57.310,1.23375,1.2342,1.60,1.00
2009.10.28 19:37:57.950,1.23375,1.234,1.60,1.00
2009.10.28 19:37:59.699,1.2333,1.234,1.60,1.00
2009.10.28 19:38:00.049,1.2333,1.23405,1.60,1.00
2009.10.28 19:38:00.399,1.23355,1.23405,8.80,1.00
2009.10.28 19:38:00.739,1.2335,1.23405,1.60,1.00
2009.10.28 19:38:01.079,1.23365,1.23405,8.80,1.00
2009.10.28 19:38:01.669,1.2339,1.23405,8.80,1.00
2009.10.28 19:38:01.829,1.2339,1.2344,8.80,1.00
2009.10.28 19:38:02.639,1.2339,1.2351,8.80,1.00
2009.10.28 19:38:04.488,1.2331,1.23485,1.00,1.00
2009.10.28 19:38:04.778,1.23315,1.23465,1.00,1.00
2009.10.28 19:38:05.118,1.2332,1.23475,1.00,1.00
2009.10.28 19:38:05.468,1.23315,1.23475,2.70,1.00
2009.10.28 19:38:05.748,1.23335,1.23475,1.00,1.00
2009.10.28 19:38:06.788,1.2334,1.2347,1.00,1.00
2009.10.28 19:38:07.018,1.23345,1.2347,1.00,1.00
2009.10.28 19:38:07.198,1.23345,1.2348,1.00,1.00
2009.10.28 19:38:07.428,1.23345,1.2348,3.60,1.00
2009.10.28 19:38:07.608,1.23345,1.2348,3.60,2.70
2009.10.28 19:38:07.787,1.23355,1.2348,8.80,2.70
2009.10.28 19:38:07.967,1.23355,1.2347,8.80,1.90
2009.10.28 19:38:08.477,1.23355,1.2347,8.80,2.70
2009.10.28 19:38:09.147,1.23355,1.23455,8.80,1.00
2009.10.28 19:38:09.327,1.23355,1.23455,8.90,1.00
2009.10.28 19:38:09.767,1.23355,1.23465,8.90,1.90
2009.10.28 19:38:10.337,1.23355,1.23465,8.90,2.00
2009.10.28 19:38:11.047,1.23355,1.23455,8.90,1.00
2009.10.28 19:38:14.496,1.2337,1.2345,1.60,1.00
2009.10.28 19:38:21.404,1.23375,1.2345,1.60,1.60
2009.10.28 19:38:21.734,1.23375,1.23445,1.60,2.70
2009.10.28 19:38:22.274,1.2335,1.23445,1.80,2.70
2009.10.28 19:38:22.844,1.2337,1.23445,1.60,1.00
2009.10.28 19:38:23.184,1.2331,1.23435,1.00,1.00
2009.10.28 19:38:23.474,1.23245,1.2341,1.00,1.00
2009.10.28 19:38:24.093,1.23255,1.2342,1.00,1.00
2009.10.28 19:38:24.793,1.23275,1.2341,1.00,1.00
2009.10.28 19:38:25.133,1.23285,1.2341,1.00,1.00
2009.10.28 19:38:25.813,1.2327,1.2341,1.00,1.00
2009.10.28 19:38:26.443,1.2327,1.2341,1.00,1.00
2009.10.28 19:38:26.663,1.23275,1.2341,1.00,1.00
2009.10.28 19:38:27.553,1.23285,1.2341,1.00,1.00
2009.10.28 19:38:27.783,1.2329,1.23415,1.00,1.00
2009.10.28 19:38:28.193,1.23315,1.2342,10.70,1.00
2009.10.28 19:38:28.482,1.23325,1.2342,1.00,1.00
2009.10.28 19:38:28.822,1.2333,1.2344,1.00,2.00
2009.10.28 19:38:29.152,1.23335,1.2344,8.80,1.00
2009.10.28 19:38:29.792,1.23365,1.23455,8.80,1.90
2009.10.28 19:38:30.482,1.2335,1.23455,1.00,1.90
2009.10.28 19:38:31.452,1.2336,1.2345,1.00,2.00
2009.10.28 19:38:33.371,1.2337,1.2345,1.60,2.00
2009.10.28 19:38:34.471,1.23385,1.2345,1.00,2.00
2009.10.28 19:38:34.751,1.23395,1.2345,1.00,1.00
2009.10.28 19:38:35.091,1.23405,1.2349,1.00,1.00
2009.10.28 19:38:37.720,1.2341,1.2348,1.00,1.00
2009.10.28 19:38:37.950,1.2341,1.2348,1.00,2.80
2009.10.28 19:38:38.240,1.234,1.2347,1.00,1.00
2009.10.28 19:38:39.350,1.234,1.2347,1.00,1.00
2009.10.28 19:38:39.640,1.234,1.2347,1.00,1.00
2009.10.28 19:38:39.930,1.23425,1.2347,1.00,1.00
2009.10.28 19:38:40.280,1.2345,1.23555,1.00,1.00
2009.10.28 19:38:40.629,1.2344,1.2355,1.00,1.90
2009.10.28 19:38:42.259,1.2345,1.2352,1.00,1.00
2009.10.28 19:38:42.839,1.2345,1.2352,2.40,1.00
2009.10.28 19:38:43.299,1.2345,1.23505,2.40,1.00
2009.10.28 19:38:44.859,1.2348,1.23505,1.60,1.00
2009.10.28 19:38:45.838,1.23475,1.23505,1.60,1.00
2009.10.28 19:38:47.688,1.2344,1.23505,2.40,1.00
2009.10.28 19:38:49.737,1.2343,1.235,1.60,1.00
2009.10.28 19:38:50.417,1.2343,1.23495,1.60,1.00
2009.10.28 19:38:52.257,1.23405,1.2348,2.40,1.00
2009.10.28 19:38:53.247,1.23445,1.23475,1.60,1.00
2009.10.28 19:38:54.786,1.23445,1.23475,1.60,1.00
2009.10.28 19:38:56.586,1.23445,1.23475,1.60,1.00
2009.10.28 19:38:57.455,1.23425,1.23465,1.60,1.00
2009.10.28 19:38:57.506,1.23425,1.235,1.60,1.90
2009.10.28 19:38:57.686,1.23405,1.23505,4.30,1.00
2009.10.28 19:38:57.805,1.2347,1.23505,1.60,1.00
2009.10.28 19:38:57.916,1.2347,1.23505,1.60,1.00
2009.10.28 19:38:58.025,1.2344,1.23505,1.60,1.00
2009.10.28 19:38:58.305,1.2344,1.23495,1.60,1.00
2009.10.28 19:38:58.545,1.2343,1.2349,1.60,1.00
2009.10.28 19:38:58.945,1.23405,1.2348,3.50,1.00
2009.10.28 19:38:59.395,1.23405,1.23475,3.50,1.00
2009.10.28 19:38:59.615,1.234,1.23475,5.10,1.00
2009.10.28 19:38:59.785,1.23405,1.23475,3.50,1.00
2009.10.28 19:39:00.725,1.2342,1.2347,1.60,1.00
2009.10.28 19:39:02.254,1.23385,1.23455,2.40,1.00
2009.10.28 19:39:03.544,1.2343,1.2345,1.60,1.00
2009.10.28 19:39:06.753,1.2343,1.2346,1.60,1.00
2009.10.28 19:39:07.913,1.23385,1.2346,1.60,1.00
2009.10.28 19:39:08.553,1.23365,1.2346,2.40,1.00
2009.10.28 19:39:09.073,1.2339,1.23455,1.60,1.00
2009.10.28 19:39:10.333,1.23395,1.2345,1.60,1.00
2009.10.28 19:39:10.622,1.23405,1.2345,1.60,1.00
2009.10.28 19:39:10.893,1.2339,1.23445,1.60,1.00
2009.10.28 19:39:14.541,1.2338,1.2345,2.40,1.00
2009.10.28 19:39:14.782,1.23405,1.2345,1.60,1.00
2009.10.28 19:39:15.461,1.2339,1.2345,1.60,1.00
2009.10.28 19:39:16.471,1.23395,1.2344,1.60,1.00
2009.10.28 19:39:16.861,1.23375,1.2345,2.40,1.00
2009.10.28 19:39:18.250,1.2341,1.23445,1.60,1.00
2009.10.28 19:39:19.031,1.23385,1.23455,10.40,1.00
2009.10.28 19:39:19.260,1.2342,1.23455,1.60,1.00
2009.10.28 19:39:19.500,1.2342,1.23455,1.60,1.00
2009.10.28 19:39:20.420,1.2343,1.2345,1.60,1.00
2009.10.28 19:39:26.939,1.2343,1.23485,1.60,1.00
2009.10.28 19:39:27.229,1.2345,1.23485,1.60,1.00
2009.10.28 19:39:28.888,1.2342,1.23475,3.20,1.00
2009.10.28 19:39:30.338,1.2342,1.2347,3.20,1.00
2009.10.28 19:39:30.608,1.2342,1.2347,3.20,1.00
2009.10.28 19:39:31.237,1.2346,1.23475,1.60,1.00
2009.10.28 19:39:32.377,1.2346,1.23475,1.60,1.00
2009.10.28 19:39:33.137,1.2346,1.23465,1.60,1.00
2009.10.28 19:39:33.317,1.2342,1.23465,1.60,1.00
2009.10.28 19:39:34.497,1.2343,1.2346,1.60,1.00
2009.10.28 19:39:34.847,1.2344,1.2353,1.00,1.00
2009.10.28 19:39:35.186,1.23445,1.23555,1.90,4.90
2009.10.28 19:39:35.477,1.23445,1.23555,1.90,1.00
2009.10.28 19:39:36.436,1.23425,1.23525,1.60,1.00
2009.10.28 19:39:36.776,1.2344,1.23525,1.60,1.00
2009.10.28 19:39:37.126,1.23425,1.23525,1.60,1.00
2009.10.28 19:39:37.536,1.23435,1.2352,1.00,1.00
2009.10.28 19:39:37.596,1.2344,1.2352,8.80,1.00
2009.10.28 19:39:37.656,1.23445,1.2352,1.90,1.00
2009.10.28 19:39:37.776,1.23445,1.2354,1.90,1.00
2009.10.28 19:39:37.836,1.23445,1.2353,1.90,1.00
2009.10.28 19:39:38.886,1.2344,1.23525,1.00,1.00
2009.10.28 19:39:39.225,1.23445,1.23525,1.60,1.00
2009.10.28 19:39:39.285,1.23435,1.23525,8.80,1.00
2009.10.28 19:39:39.635,1.2343,1.23525,1.60,1.00
2009.10.28 19:39:42.095,1.23445,1.23525,1.90,1.00
2009.10.28 19:39:42.385,1.23445,1.23535,1.90,1.00
2009.10.28 19:39:42.674,1.23445,1.23525,1.90,1.00
2009.10.28 19:39:44.075,1.23445,1.23525,1.90,1.00
2009.10.28 19:39:45.914,1.23445,1.23535,1.90,1.00
2009.10.28 19:39:48.003,1.2345,1.23535,1.60,1.00
2009.10.28 19:39:50.303,1.2346,1.23535,1.60,1.00
2009.10.28 19:39:50.593,1.2346,1.2354,1.60,1.00
2009.10.28 19:39:51.723,1.2346,1.23535,1.60,1.00
2009.10.28 19:39:52.282,1.2343,1.23535,2.40,1.00
2009.10.28 19:39:53.572,1.2348,1.2352,1.60,1.00
2009.10.28 19:39:54.272,1.2348,1.23515,1.60,1.00
2009.10.28 19:39:54.622,1.2348,1.23515,1.60,1.00
2009.10.28 19:39:55.532,1.2349,1.23515,1.60,1.00
2009.10.28 19:39:56.231,1.23485,1.23515,1.60,1.00
2009.10.28 19:39:58.271,1.2349,1.2351,1.60,1.00
2009.10.28 19:39:59.811,1.2348,1.2351,1.60,1.00
2009.10.28 19:40:01.300,1.2348,1.23505,1.60,1.00
2009.10.28 19:40:04.619,1.2348,1.2351,1.60,1.00
2009.10.28 19:40:04.889,1.2348,1.2351,1.60,1.00
2009.10.28 19:40:05.819,1.2347,1.235,1.60,1.00
2009.10.28 19:40:06.159,1.2348,1.235,1.60,1.00
2009.10.28 19:40:06.659,1.23475,1.23495,1.60,1.00
2009.10.28 19:40:06.939,1.2347,1.23495,1.60,1.00
2009.10.28 19:40:07.409,1.2347,1.23495,1.60,1.00
2009.10.28 19:40:07.649,1.2347,1.23485,1.60,1.00
2009.10.28 19:40:07.879,1.23435,1.23485,1.60,1.00
2009.10.28 19:40:08.119,1.23405,1.2348,2.40,1.00
2009.10.28 19:40:09.248,1.23415,1.23475,2.40,1.00
2009.10.28 19:40:09.808,1.23415,1.23485,4.30,1.00
2009.10.28 19:40:10.848,1.23425,1.2348,1.60,1.00
2009.10.28 19:40:11.088,1.23455,1.2348,1.60,1.00
2009.10.28 19:40:11.318,1.23405,1.23485,4.30,1.00
2009.10.28 19:40:11.548,1.23435,1.2348,1.60,1.00
2009.10.28 19:40:11.778,1.2347,1.23515,1.60,1.00
2009.10.28 19:40:12.008,1.2346,1.2351,1.60,1.00
2009.10.28 19:40:13.327,1.2347,1.2349,1.60,1.00
2009.10.28 19:40:13.447,1.2347,1.2349,1.60,1.00
2009.10.28 19:40:13.617,1.23465,1.2349,1.60,1.00
2009.10.28 19:40:14.667,1.2342,1.23505,2.40,1.00
2009.10.28 19:40:14.897,1.23435,1.23505,1.60,1.00
2009.10.28 19:40:17.496,1.23445,1.23495,1.60,1.00
2009.10.28 19:40:19.366,1.23445,1.2348,1.60,1.00
2009.10.28 19:40:19.826,1.23445,1.2351,1.60,1.00
2009.10.28 19:40:20.056,1.23445,1.2351,1.60,1.00
2009.10.28 19:40:23.605,1.23445,1.2351,1.60,1.00
2009.10.28 19:40:23.885,1.2347,1.23505,1.60,1.00
2009.10.28 19:40:24.735,1.2346,1.235,1.60,1.00
2009.10.28 19:40:25.314,1.23435,1.2349,2.40,1.00
2009.10.28 19:40:26.544,1.23435,1.23485,1.60,1.00
2009.10.28 19:40:27.234,1.23435,1.23475,1.60,1.00
2009.10.28 19:40:28.364,1.23455,1.2347,1.60,1.00
2009.10.28 19:40:29.893,1.23455,1.23475,1.60,1.00
2009.10.28 19:40:30.004,1.2341,1.23475,2.40,1.00
2009.10.28 19:40:30.343,1.2344,1.23495,2.40,1.00
2009.10.28 19:40:31.433,1.23445,1.23495,2.40,1.00
2009.10.28 19:40:33.452,1.2346,1.23495,1.60,1.00
2009.10.28 19:40:33.623,1.23445,1.2349,1.60,1.00
2009.10.28 19:40:34.572,1.23445,1.2355,1.60,1.00
2009.10.28 19:40:35.252,1.2345,1.23535,1.60,1.00
2009.10.28 19:40:35.662,1.2345,1.23505,1.60,4.00
2009.10.28 19:40:35.902,1.2344,1.235,1.60,1.00
2009.10.28 19:40:36.172,1.23435,1.235,1.60,2.70
2009.10.28 19:40:36.352,1.23435,1.23495,1.60,2.70
2009.10.28 19:40:37.401,1.23435,1.23475,1.60,1.00
2009.10.28 19:40:38.251,1.23435,1.23455,1.60,1.00
2009.10.28 19:40:38.931,1.2345,1.23525,1.60,1.00
2009.10.28 19:40:39.211,1.23445,1.2352,1.60,1.90
2009.10.28 19:40:39.511,1.23445,1.2352,1.60,2.70
2009.10.28 19:40:39.741,1.23445,1.23525,1.60,2.00
2009.10.28 19:40:40.661,1.2345,1.23495,1.60,1.00
2009.10.28 19:40:41.171,1.23405,1.23495,2.40,1.00
2009.10.28 19:40:41.471,1.23455,1.2349,1.60,1.00
2009.10.28 19:40:42.350,1.23455,1.23475,1.60,1.00
2009.10.28 19:40:42.700,1.23455,1.2352,1.60,2.00
2009.10.28 19:40:43.030,1.23455,1.2352,1.60,1.00
2009.10.28 19:40:43.310,1.2343,1.23505,1.60,1.90
2009.10.28 19:40:44.470,1.2339,1.235,5.10,2.70
2009.10.28 19:40:44.650,1.23405,1.235,2.40,2.80
2009.10.28 19:40:44.760,1.23405,1.235,2.40,2.00
2009.10.28 19:40:45.290,1.23445,1.2349,1.60,1.00
2009.10.28 19:40:46.779,1.23405,1.2348,4.30,1.00
2009.10.28 19:40:48.159,1.2345,1.23485,1.60,1.00
2009.10.28 19:40:49.549,1.2345,1.2352,1.60,1.00
2009.10.28 19:40:50.658,1.2345,1.23505,1.60,1.00
2009.10.28 19:40:52.348,1.2345,1.23495,1.60,1.00
2009.10.28 19:40:52.798,1.2346,1.23485,1.60,1.00
2009.10.28 19:40:53.658,1.23445,1.2348,1.60,1.00
2009.10.28 19:40:54.007,1.234,1.2348,3.50,1.00
2009.10.28 19:40:54.647,1.2341,1.23485,3.50,1.00
2009.10.28 19:40:55.867,1.23465,1.2348,1.60,1.00
2009.10.28 19:40:56.217,1.23465,1.23485,1.60,1.00
2009.10.28 19:40:58.326,1.2341,1.23485,3.60,1.00
2009.10.28 19:40:58.506,1.23485,1.2352,1.60,1.00
2009.10.28 19:40:58.666,1.23435,1.2352,4.30,1.00
2009.10.28 19:40:59.636,1.235,1.2355,1.60,1.00
2009.10.28 19:41:00.626,1.2346,1.23545,3.50,1.00
2009.10.28 19:41:00.976,1.23485,1.2354,1.60,1.00
2009.10.28 19:41:02.026,1.2348,1.2353,1.60,1.00
2009.10.28 19:41:02.255,1.2348,1.2352,1.60,1.00
2009.10.28 19:41:03.285,1.2348,1.23505,1.60,1.00
2009.10.28 19:41:05.395,1.2348,1.2349,1.60,1.00
2009.10.28 19:41:07.824,1.23455,1.2349,1.60,1.00
2009.10.28 19:41:09.214,1.23425,1.2349,3.00,1.00
2009.10.28 19:41:09.834,1.23475,1.2351,1.60,1.00
2009.10.28 19:41:10.174,1.2344,1.2351,10.40,1.00
2009.10.28 19:41:12.123,1.2349,1.2353,1.60,1.00
2009.10.28 19:41:12.303,1.23445,1.2353,4.30,1.00
2009.10.28 19:41:12.423,1.235,1.23545,1.60,1.00
2009.10.28 19:41:12.583,1.235,1.23545,1.60,1.00
2009.10.28 19:41:13.213,1.23515,1.23545,1.60,1.00
2009.10.28 19:41:14.992,1.2352,1.2355,1.60,1.00
2009.10.28 19:41:19.972,1.235,1.2355,1.60,1.00
2009.10.28 19:41:20.191,1.235,1.2355,1.60,1.00
2009.10.28 19:41:20.371,1.235,1.23545,1.60,1.00
2009.10.28 19:41:21.461,1.23505,1.2354,1.60,1.00
2009.10.28 19:41:21.801,1.235,1.2353,1.60,1.00
2009.10.28 19:41:23.081,1.2349,1.23525,1.60,1.00
2009.10.28 19:41:23.311,1.2349,1.23515,1.60,1.00
2009.10.28 19:41:23.490,1.2347,1.23515,1.60,1.00
2009.10.28 19:41:25.140,1.23475,1.2352,1.60,1.00
2009.10.28 19:41:26.390,1.23475,1.23515,1.60,1.00
2009.10.28 19:41:28.329,1.23475,1.2351,1.60,1.00
2009.10.28 19:41:30.569,1.23485,1.23515,1.60,1.00
2009.10.28 19:41:33.538,1.2349,1.2351,1.60,1.00
2009.10.28 19:41:34.328,1.2349,1.23505,1.60,1.00
2009.10.28 19:41:43.106,1.2347,1.23505,1.60,1.00
2009.10.28 19:41:43.675,1.2347,1.235,1.60,1.00
2009.10.28 19:41:43.736,1.2341,1.23495,1.00,1.00
2009.10.28 19:41:43.916,1.23385,1.23495,1.00,1.00
2009.10.28 19:41:44.195,1.2339,1.23485,1.60,1.00
2009.10.28 19:41:44.305,1.2339,1.23455,1.60,1.90
2009.10.28 19:41:44.485,1.2339,1.2346,1.60,1.90
2009.10.28 19:41:44.605,1.2339,1.2347,1.60,1.90
2009.10.28 19:41:44.935,1.23405,1.2348,1.60,2.00
2009.10.28 19:41:46.355,1.23415,1.23455,1.60,1.00
2009.10.28 19:41:47.125,1.23415,1.23485,1.60,1.00
2009.10.28 19:41:47.925,1.2342,1.23495,1.60,1.00
2009.10.28 19:41:48.214,1.2342,1.23485,2.40,1.00
2009.10.28 19:41:48.454,1.2342,1.2349,2.40,1.00
2009.10.28 19:41:48.564,1.23425,1.2351,2.40,1.00
2009.10.28 19:41:51.714,1.2348,1.2351,1.60,1.00
2009.10.28 19:41:52.233,1.2348,1.23515,1.60,1.00
2009.10.28 19:41:52.453,1.2349,1.23515,1.60,1.00
2009.10.28 19:41:52.633,1.2346,1.23515,1.60,1.00
2009.10.28 19:41:54.273,1.2347,1.2351,1.60,1.00
2009.10.28 19:41:56.863,1.2343,1.2348,1.00,2.70
2009.10.28 19:41:57.192,1.23395,1.23475,1.60,1.90
2009.10.28 19:41:57.532,1.234,1.23485,1.00,1.00
2009.10.28 19:41:58.982,1.23425,1.23475,1.60,1.00
2009.10.28 19:42:00.602,1.23435,1.2347,1.60,1.00
2009.10.28 19:42:01.451,1.2344,1.235,1.00,1.00
2009.10.28 19:42:01.691,1.23435,1.235,1.60,2.00
2009.10.28 19:42:03.241,1.23435,1.2349,1.60,2.20
2009.10.28 19:42:03.781,1.23435,1.2349,1.60,1.90
2009.10.28 19:42:04.011,1.23435,1.23495,2.40,1.00
2009.10.28 19:42:06.750,1.23445,1.23495,1.00,1.00
2009.10.28 19:42:07.610,1.23445,1.23495,1.60,1.00
2009.10.28 19:42:09.349,1.23445,1.23495,1.00,1.00
2009.10.28 19:42:09.869,1.23445,1.23495,2.40,1.00
2009.10.28 19:42:11.819,1.2344,1.23495,2.40,1.00
2009.10.28 19:42:13.798,1.2343,1.23495,2.40,1.00
2009.10.28 19:42:13.918,1.2343,1.23495,2.40,1.00
2009.10.28 19:42:15.938,1.23445,1.23495,2.40,1.00
2009.10.28 19:42:20.257,1.235,1.23525,1.60,1.00
2009.10.28 19:42:21.246,1.2345,1.23525,3.20,1.00
2009.10.28 19:42:22.666,1.23495,1.23515,1.60,1.00
2009.10.28 19:42:22.786,1.23435,1.23505,2.40,1.90
2009.10.28 19:42:23.026,1.23435,1.23505,1.60,1.90
2009.10.28 19:42:23.146,1.23425,1.23505,2.40,1.90
2009.10.28 19:42:23.546,1.2345,1.2351,1.60,1.00
2009.10.28 19:42:24.376,1.23465,1.23505,1.60,1.00
2009.10.28 19:42:29.005,1.23465,1.23505,1.60,1.00
2009.10.28 19:42:30.265,1.23465,1.235,1.60,1.00
2009.10.28 19:42:31.244,1.23465,1.235,1.60,1.00
2009.10.28 19:42:42.631,1.23465,1.235,1.60,1.00
2009.10.28 19:42:46.760,1.23465,1.2349,1.60,1.00
2009.10.28 19:42:53.579,1.23445,1.2349,1.60,1.00
2009.10.28 19:42:57.458,1.23465,1.2349,1.60,2.00
2009.10.28 19:42:57.748,1.2345,1.2349,1.60,2.20
2009.10.28 19:42:57.918,1.23445,1.2349,1.60,2.20
2009.10.28 19:42:58.307,1.23445,1.23485,1.60,2.00
2009.10.28 19:42:59.307,1.2345,1.23475,1.60,1.00
2009.10.28 19:43:00.387,1.2345,1.23465,1.60,1.00
2009.10.28 19:43:01.477,1.23455,1.2349,1.60,1.00
2009.10.28 19:43:01.777,1.23435,1.2349,1.60,1.00
2009.10.28 19:43:02.177,1.2345,1.2349,1.60,1.00
2009.10.28 19:43:02.927,1.2345,1.2349,1.60,1.00
2009.10.28 19:43:03.506,1.23435,1.2349,1.60,2.20
2009.10.28 19:43:03.988,1.23435,1.23485,1.60,2.10
2009.10.28 19:43:04.166,1.2345,1.2348,1.60,1.00
2009.10.28 19:43:04.396,1.23435,1.23475,1.60,1.00
2009.10.28 19:43:05.496,1.2344,1.2347,1.60,1.00
2009.10.28 19:43:05.836,1.2344,1.23475,1.60,1.00
2009.10.28 19:43:06.865,1.2344,1.23475,1.60,2.20
2009.10.28 19:43:07.215,1.2344,1.23475,1.60,1.00
2009.10.28 19:43:08.175,1.2344,1.23475,1.60,2.20
2009.10.28 19:43:08.455,1.2344,1.23475,1.60,1.00
2009.10.28 19:43:09.385,1.2344,1.23475,1.60,1.00
2009.10.28 19:43:11.254,1.2344,1.2346,1.60,1.00
2009.10.28 19:43:12.514,1.2344,1.2346,1.60,1.00
2009.10.28 19:43:14.673,1.2344,1.23455,1.60,1.00
2009.10.28 19:43:14.854,1.2342,1.2345,1.60,1.00
2009.10.28 19:43:16.283,1.23405,1.23445,2.40,1.00
2009.10.28 19:43:17.523,1.23415,1.23445,1.60,1.00
2009.10.28 19:43:17.763,1.23405,1.23445,1.00,1.00
2009.10.28 19:43:17.923,1.23405,1.23445,2.40,1.00
2009.10.28 19:43:20.152,1.23425,1.2345,1.60,1.00
2009.10.28 19:43:20.382,1.23415,1.23445,1.60,1.00
2009.10.28 19:43:21.082,1.23425,1.23445,1.60,1.00
2009.10.28 19:43:21.722,1.23385,1.2345,2.40,1.00
2009.10.28 19:43:22.572,1.2342,1.2345,1.60,1.00
2009.10.28 19:43:24.301,1.23425,1.23445,1.60,1.00
2009.10.28 19:43:24.661,1.2345,1.23505,1.60,1.00
2009.10.28 19:43:25.901,1.2346,1.23485,1.60,1.00
2009.10.28 19:43:26.521,1.2346,1.2349,1.60,1.00
2009.10.28 19:43:28.680,1.23405,1.23485,1.00,1.00
2009.10.28 19:43:28.800,1.234,1.23485,8.80,1.00
2009.10.28 19:43:29.200,1.23395,1.23485,1.60,1.00
2009.10.28 19:43:29.590,1.2341,1.23485,1.60,1.00
2009.10.28 19:43:30.470,1.23425,1.23485,1.60,2.00
2009.10.28 19:43:31.339,1.23425,1.23475,1.60,1.00
2009.10.28 19:43:31.670,1.23415,1.23475,1.60,1.00
2009.10.28 19:43:31.900,1.23385,1.23475,2.40,1.00
2009.10.28 19:43:32.309,1.23425,1.2347,1.60,1.00
2009.10.28 19:43:43.027,1.23415,1.2347,1.60,1.00
2009.10.28 19:43:43.577,1.23425,1.2347,1.60,1.00
2009.10.28 19:43:43.747,1.23415,1.2347,1.60,1.00
2009.10.28 19:43:48.346,1.23415,1.2348,1.60,1.90
2009.10.28 19:43:48.515,1.23395,1.23485,2.40,1.00
2009.10.28 19:43:53.334,1.23435,1.23485,1.60,1.00
2009.10.28 19:43:53.444,1.23435,1.23505,1.60,1.00
2009.10.28 19:43:54.494,1.2341,1.23505,2.40,2.00
2009.10.28 19:43:54.724,1.2341,1.23505,2.40,1.00
2009.10.28 19:43:56.174,1.2345,1.2351,1.60,1.00
2009.10.28 19:43:57.443,1.23435,1.23505,1.60,1.90
2009.10.28 19:43:57.774,1.2345,1.23505,1.60,1.00
2009.10.28 19:43:58.344,1.2345,1.23505,1.60,1.00
2009.10.28 19:44:02.322,1.23435,1.23505,1.60,2.20
2009.10.28 19:44:02.722,1.23435,1.23495,1.60,1.00
2009.10.28 19:44:03.282,1.23435,1.23505,1.60,1.90
2009.10.28 19:44:03.642,1.23465,1.2351,1.60,1.00
2009.10.28 19:44:04.722,1.23475,1.23505,1.60,1.00
2009.10.28 19:44:16.009,1.23475,1.23515,1.60,1.00
2009.10.28 19:44:16.649,1.23475,1.2351,1.60,2.20
2009.10.28 19:44:16.989,1.23455,1.23505,1.60,1.00
2009.10.28 19:44:17.329,1.23455,1.235,1.60,1.00
2009.10.28 19:44:23.147,1.23425,1.2351,10.40,1.00
2009.10.28 19:44:23.377,1.23435,1.23515,1.60,2.00
2009.10.28 19:44:23.667,1.2342,1.23515,10.40,1.00
2009.10.28 19:44:23.847,1.2342,1.23515,1.60,1.00
2009.10.28 19:44:24.027,1.23435,1.23515,1.60,1.00
2009.10.28 19:44:25.666,1.2344,1.2351,1.60,1.00
2009.10.28 19:44:25.906,1.2344,1.2351,1.60,2.10
2009.10.28 19:44:27.356,1.2344,1.235,1.60,1.00
2009.10.28 19:44:28.316,1.2344,1.23495,1.60,1.00
2009.10.28 19:44:30.456,1.2344,1.23495,1.60,1.00
2009.10.28 19:44:31.205,1.2344,1.23485,1.60,1.00
2009.10.28 19:44:35.584,1.2344,1.23485,1.60,2.20
2009.10.28 19:44:35.944,1.2344,1.2349,1.60,2.00
2009.10.28 19:44:36.244,1.2345,1.2349,1.60,2.00
2009.10.28 19:44:36.584,1.2346,1.2349,1.60,1.00
2009.10.28 19:44:37.094,1.2341,1.23495,2.40,1.00
2009.10.28 19:44:37.374,1.23465,1.23495,1.60,1.00
2009.10.28 19:44:38.283,1.23465,1.2349,1.60,1.00
2009.10.28 19:44:39.273,1.23465,1.23485,1.60,1.00
2009.10.28 19:44:39.563,1.2343,1.23475,1.60,1.00
2009.10.28 19:44:41.463,1.2344,1.2347,1.60,1.00
2009.10.28 19:44:41.763,1.2345,1.2348,1.60,1.00
2009.10.28 19:44:42.393,1.2345,1.23485,1.60,1.00
2009.10.28 19:44:44.372,1.23405,1.23505,11.30,1.90
2009.10.28 19:44:44.712,1.2343,1.23515,10.40,1.00
2009.10.28 19:44:44.932,1.2343,1.23515,1.60,1.00
2009.10.28 19:44:45.112,1.2345,1.23515,1.60,1.00
2009.10.28 19:44:46.321,1.23455,1.2351,1.60,1.00
2009.10.28 19:44:46.562,1.23455,1.2353,1.60,1.00
2009.10.28 19:44:47.601,1.23455,1.2353,1.60,2.70
2009.10.28 19:44:47.951,1.23455,1.2353,1.60,1.00
2009.10.28 19:44:48.241,1.23455,1.2353,1.60,2.70
2009.10.28 19:44:49.271,1.23455,1.23525,1.60,1.00
2009.10.28 19:44:51.340,1.23455,1.2353,1.60,1.00
2009.10.28 19:44:51.740,1.23465,1.2353,1.60,1.00
2009.10.28 19:44:54.769,1.2347,1.2354,1.60,1.00
2009.10.28 19:44:55.539,1.2345,1.2354,1.60,1.00
2009.10.28 19:44:55.889,1.2345,1.2353,1.60,1.90
2009.10.28 19:44:57.199,1.23455,1.2353,1.60,2.00
2009.10.28 19:44:58.179,1.23455,1.23525,1.60,1.00
2009.10.28 19:44:59.188,1.2344,1.2353,2.40,1.00
2009.10.28 19:45:00.418,1.23445,1.2352,3.20,1.00
2009.10.28 19:45:01.338,1.23445,1.23515,3.20,1.00
2009.10.28 19:45:02.078,1.2349,1.23515,1.60,1.00
2009.10.28 19:45:02.428,1.2349,1.23515,1.60,1.00
2009.10.28 19:45:07.377,1.2349,1.2352,1.60,1.00
2009.10.28 19:45:08.196,1.2349,1.23515,1.60,1.00
2009.10.28 19:45:09.186,1.2349,1.23515,1.60,1.00
2009.10.28 19:45:11.815,1.23425,1.235,1.00,1.90
2009.10.28 19:45:12.105,1.23425,1.23505,1.60,1.00
2009.10.28 19:45:12.445,1.23425,1.2351,1.60,2.00
2009.10.28 19:45:13.985,1.23425,1.23505,10.40,2.00
2009.10.28 19:45:14.035,1.23435,1.23505,2.40,2.00
2009.10.28 19:45:14.095,1.2344,1.23505,1.60,1.00
2009.10.28 19:45:14.145,1.23465,1.23505,1.60,1.00
2009.10.28 19:45:17.224,1.23485,1.2351,1.60,1.00
2009.10.28 19:45:18.674,1.2345,1.2352,1.80,1.00
2009.10.28 19:45:24.882,1.235,1.2352,1.60,1.00
2009.10.28 19:45:25.512,1.2351,1.23545,1.60,1.00
2009.10.28 19:45:25.802,1.23495,1.2354,1.60,1.00
2009.10.28 19:45:27.572,1.2351,1.23535,1.60,1.00
2009.10.28 19:45:34.620,1.23475,1.23535,1.00,1.00
2009.10.28 19:45:34.790,1.23455,1.23535,2.40,2.70
2009.10.28 19:45:34.910,1.23455,1.23535,2.40,1.00
2009.10.28 19:45:35.210,1.23435,1.2353,10.40,1.00
2009.10.28 19:45:35.960,1.23445,1.2354,11.30,2.70
2009.10.28 19:45:37.939,1.23505,1.2354,1.60,1.00
2009.10.28 19:45:38.119,1.23505,1.2355,1.60,1.00
2009.10.28 19:45:38.929,1.23505,1.23555,1.60,1.00
2009.10.28 19:45:39.049,1.23475,1.23555,1.80,2.70
2009.10.28 19:45:41.238,1.23485,1.23555,1.80,2.80
2009.10.28 19:45:43.848,1.23515,1.23555,1.60,3.00
2009.10.28 19:45:43.958,1.23515,1.23555,1.60,2.10
2009.10.28 19:45:44.068,1.2345,1.2354,1.60,1.90
2009.10.28 19:45:44.228,1.23465,1.23545,1.60,2.70
2009.10.28 19:45:44.448,1.23465,1.2354,1.60,1.90
2009.10.28 19:45:44.558,1.2345,1.23535,1.60,1.00
2009.10.28 19:45:44.738,1.2345,1.2354,1.60,1.00
2009.10.28 19:45:44.917,1.23465,1.2354,1.60,1.00
2009.10.28 19:45:45.267,1.23445,1.2354,11.30,2.70
2009.10.28 19:45:47.707,1.23455,1.2354,1.80,1.00
2009.10.28 19:45:48.227,1.23455,1.2354,1.80,2.70
2009.10.28 19:45:53.995,1.2345,1.23535,1.80,1.90
2009.10.28 19:46:01.153,1.2345,1.23535,1.80,2.70
2009.10.28 19:46:01.853,1.2347,1.23515,1.60,1.00
2009.10.28 19:46:05.493,1.23445,1.23505,1.70,1.00
2009.10.28 19:46:05.882,1.2346,1.23505,1.60,1.00
2009.10.28 19:46:06.912,1.2345,1.23515,1.80,1.00
2009.10.28 19:46:07.252,1.2344,1.23505,10.40,1.00
2009.10.28 19:46:07.592,1.23475,1.23525,1.60,1.00
2009.10.28 19:46:07.942,1.2346,1.23515,1.60,2.00
2009.10.28 19:46:23.319,1.23475,1.235,1.60,1.00
2009.10.28 19:46:26.008,1.2346,1.235,1.80,1.00
2009.10.28 19:46:26.587,1.2346,1.23555,1.80,1.00
2009.10.28 19:46:30.147,1.2346,1.2354,1.60,2.70
2009.10.28 19:46:30.996,1.2346,1.2354,1.60,1.90
2009.10.28 19:46:31.866,1.23445,1.23505,10.40,1.00
2009.10.28 19:46:32.216,1.2344,1.23505,1.80,1.00
2009.10.28 19:46:34.175,1.2347,1.2349,1.60,1.00
2009.10.28 19:46:34.415,1.23455,1.23525,1.60,1.90
2009.10.28 19:46:34.585,1.23455,1.2354,1.60,1.00
2009.10.28 19:46:34.915,1.23455,1.23545,1.60,2.70
2009.10.28 19:46:35.665,1.2347,1.23535,1.60,1.00
2009.10.28 19:46:36.025,1.23455,1.23525,1.60,1.90
2009.10.28 19:46:37.065,1.23475,1.23535,1.60,2.70
2009.10.28 19:46:44.353,1.2348,1.23535,1.60,2.80
2009.10.28 19:46:44.583,1.2348,1.23525,1.60,1.00
2009.10.28 19:46:44.703,1.2348,1.2351,1.60,1.90
2009.10.28 19:46:44.763,1.2346,1.2351,1.60,1.90
2009.10.28 19:46:44.993,1.2346,1.2352,1.60,1.00
2009.10.28 19:46:45.233,1.2346,1.2352,1.60,1.90
2009.10.28 19:46:46.443,1.23465,1.23515,1.60,2.00
2009.10.28 19:46:47.193,1.23465,1.23515,1.60,2.20
2009.10.28 19:46:52.001,1.23445,1.23505,1.60,1.90
2009.10.28 19:46:53.541,1.2345,1.235,1.60,1.90
2009.10.28 19:46:55.970,1.2345,1.235,1.60,2.70
2009.10.28 19:46:56.250,1.2345,1.235,1.60,2.80
2009.10.28 19:46:56.540,1.2345,1.235,1.60,2.80
2009.10.28 19:46:58.580,1.2345,1.23495,1.60,2.20
2009.10.28 19:47:03.809,1.2343,1.2349,1.60,2.20
2009.10.28 19:47:04.168,1.234,1.2349,1.80,2.00
2009.10.28 19:47:05.698,1.2341,1.2349,1.80,2.00
2009.10.28 19:47:05.918,1.23415,1.23515,2.40,1.90
2009.10.28 19:47:06.158,1.2342,1.2352,2.40,1.90
2009.10.28 19:47:06.438,1.23475,1.23525,1.60,1.90
2009.10.28 19:47:08.317,1.2344,1.2352,1.80,2.00
2009.10.28 19:47:08.487,1.2348,1.23515,1.60,1.00
2009.10.28 19:47:08.717,1.23455,1.23505,1.60,1.90
2009.10.28 19:47:11.477,1.2346,1.23505,1.60,2.20
2009.10.28 19:47:12.816,1.2342,1.23505,2.50,1.00
2009.10.28 19:47:15.396,1.23465,1.23505,1.60,2.20
2009.10.28 19:47:16.215,1.23465,1.23495,1.60,1.00
2009.10.28 19:47:16.785,1.23465,1.23495,1.60,2.10
2009.10.28 19:47:17.125,1.2346,1.23495,1.60,2.00
2009.10.28 19:47:18.175,1.2346,1.2349,1.60,1.00
2009.10.28 19:47:19.345,1.2346,1.23495,1.60,1.90
2009.10.28 19:47:19.465,1.2346,1.235,1.60,1.00
2009.10.28 19:47:19.525,1.2346,1.235,1.60,2.70
2009.10.28 19:47:20.335,1.2342,1.235,1.80,2.70
2009.10.28 19:47:20.394,1.2347,1.235,1.60,1.00
2009.10.28 19:47:20.755,1.2347,1.2351,1.60,1.90
2009.10.28 19:47:21.454,1.2341,1.23475,1.60,1.90
2009.10.28 19:47:21.794,1.2341,1.23505,1.60,1.90
2009.10.28 19:47:22.134,1.2339,1.23505,1.60,1.90
2009.10.28 19:47:23.434,1.2342,1.2349,1.60,1.90
2009.10.28 19:47:26.323,1.2337,1.2346,1.80,1.90
2009.10.28 19:47:26.713,1.2337,1.23465,1.80,1.90
2009.10.28 19:47:28.403,1.2338,1.2346,1.80,2.00
2009.10.28 19:47:29.112,1.2341,1.23455,1.60,1.00
2009.10.28 19:47:29.332,1.2341,1.23455,1.60,1.00
2009.10.28 19:47:29.972,1.2341,1.23455,1.60,2.00
2009.10.28 19:47:30.272,1.2341,1.23455,1.60,1.00
2009.10.28 19:47:31.812,1.2338,1.23455,1.80,1.00
2009.10.28 19:47:32.212,1.23385,1.23465,1.80,2.00
2009.10.28 19:47:34.491,1.23425,1.23485,1.60,1.90
2009.10.28 19:47:37.530,1.23425,1.23485,1.60,2.80
2009.10.28 19:47:40.230,1.23425,1.2347,1.60,2.00
2009.10.28 19:47:40.700,1.23405,1.2347,1.60,2.10
2009.10.28 19:47:45.099,1.2341,1.23475,1.60,2.10
2009.10.28 19:47:45.318,1.2339,1.23465,1.60,2.10
2009.10.28 19:47:48.608,1.2341,1.2346,1.60,1.90
2009.10.28 19:47:49.957,1.23425,1.2347,1.60,1.90
2009.10.28 19:47:51.027,1.234,1.23495,2.40,2.70
2009.10.28 19:47:51.307,1.2344,1.23495,1.60,1.90
2009.10.28 19:47:51.937,1.23425,1.23495,1.60,2.00
2009.10.28 19:47:52.287,1.2344,1.23495,1.60,2.20
2009.10.28 19:47:52.647,1.2344,1.235,1.60,2.70
2009.10.28 19:47:52.987,1.2344,1.235,1.60,1.90
2009.10.28 19:48:01.504,1.23445,1.235,1.60,2.00
2009.10.28 19:48:01.624,1.23445,1.23505,1.60,2.10
2009.10.28 19:48:03.494,1.23425,1.23485,1.60,1.90
2009.10.28 19:48:03.604,1.23425,1.2349,1.60,2.10
2009.10.28 19:48:05.334,1.2343,1.2348,1.60,2.00
2009.10.28 19:48:07.253,1.2343,1.23475,1.60,1.00
2009.10.28 19:48:07.893,1.2343,1.23485,1.60,1.90
2009.10.28 19:48:10.832,1.2339,1.23475,2.40,1.90
2009.10.28 19:48:11.172,1.2338,1.23475,1.00,1.90
2009.10.28 19:48:11.532,1.2339,1.23475,1.60,1.90
2009.10.28 19:48:12.182,1.23405,1.2348,1.60,1.90
2009.10.28 19:48:13.482,1.2341,1.23485,1.60,1.90
2009.10.28 19:48:15.271,1.2339,1.23485,1.60,1.90
2009.10.28 19:48:23.479,1.2337,1.23485,11.20,1.90
2009.10.28 19:48:26.519,1.2339,1.23485,10.40,1.90
2009.10.28 19:48:27.038,1.2339,1.23475,1.60,1.90
2009.10.28 19:48:29.358,1.23375,1.2347,11.30,1.90
2009.10.28 19:48:29.638,1.23405,1.23475,1.60,1.90
2009.10.28 19:48:31.597,1.23405,1.2347,1.60,1.90
2009.10.28 19:48:31.827,1.23395,1.2347,1.60,1.90
2009.10.28 19:48:37.236,1.23405,1.2347,1.60,1.90
2009.10.28 19:48:37.526,1.23405,1.23475,1.60,1.90
2009.10.28 19:48:46.384,1.23395,1.2347,1.60,1.90
2009.10.28 19:48:55.812,1.23395,1.2346,1.60,1.90
2009.10.28 19:49:00.370,1.23405,1.23455,1.60,1.90
2009.10.28 19:49:00.720,1.23405,1.23465,1.60,1.90
2009.10.28 19:49:03.190,1.23405,1.23475,1.60,1.90
2009.10.28 19:49:08.968,1.23405,1.2348,1.60,1.90
2009.10.28 19:49:09.029,1.23385,1.2348,1.80,1.90
2009.10.28 19:49:13.397,1.23405,1.2347,1.80,1.90
2009.10.28 19:49:15.187,1.23385,1.2346,1.60,1.90
2009.10.28 19:49:15.467,1.23415,1.2348,1.60,1.90
2009.10.28 19:49:16.497,1.23385,1.2346,1.60,1.90
2009.10.28 19:49:17.976,1.2338,1.23455,2.40,1.90
2009.10.28 19:49:18.266,1.23405,1.2348,1.60,1.90
2009.10.28 19:49:18.526,1.23425,1.2347,1.60,1.90
2009.10.28 19:49:18.816,1.23395,1.2347,1.60,1.90
2009.10.28 19:49:20.096,1.2342,1.23475,1.60,2.10
2009.10.28 19:49:20.206,1.2342,1.23475,1.60,2.00
2009.10.28 19:49:21.256,1.23405,1.23475,1.60,2.20
2009.10.28 19:49:21.595,1.2338,1.23465,1.80,1.90
2009.10.28 19:49:21.775,1.2338,1.2347,1.80,2.00
2009.10.28 19:49:22.915,1.23425,1.2348,1.60,1.90
2009.10.28 19:49:24.505,1.23425,1.23485,1.60,2.80
2009.10.28 19:49:24.565,1.23395,1.23485,1.80,2.80
2009.10.28 19:49:24.674,1.23395,1.23485,1.80,2.00
2009.10.28 19:49:25.304,1.2339,1.23475,1.80,1.90
2009.10.28 19:49:27.224,1.23435,1.2348,1.60,2.80
2009.10.28 19:49:28.254,1.2344,1.2348,1.60,2.10
2009.10.28 19:49:28.604,1.23415,1.2347,1.60,1.90
2009.10.28 19:49:28.824,1.23415,1.23455,1.60,1.90
2009.10.28 19:49:30.183,1.2342,1.2347,1.60,1.00
2009.10.28 19:49:30.353,1.23375,1.2346,2.40,1.90
2009.10.28 19:49:30.413,1.23375,1.2346,1.60,1.90
2009.10.28 19:49:30.873,1.2336,1.2346,2.40,1.90
2009.10.28 19:49:31.103,1.23355,1.23445,1.00,1.90
2009.10.28 19:49:31.343,1.2336,1.23445,1.00,1.90
2009.10.28 19:49:31.633,1.23375,1.23445,1.00,1.90
2009.10.28 19:49:32.323,1.23375,1.2344,1.00,2.70
2009.10.28 19:49:32.673,1.2337,1.23415,1.00,1.90
2009.10.28 19:49:33.192,1.2337,1.23425,1.00,1.90
2009.10.28 19:49:37.631,1.23375,1.2343,1.00,1.90
2009.10.28 19:49:38.212,1.23375,1.23445,1.00,2.80
2009.10.28 19:49:39.521,1.23375,1.2345,1.00,2.10
2009.10.28 19:49:39.581,1.23375,1.23445,1.00,1.90
2009.10.28 19:49:39.751,1.23385,1.23445,1.60,1.90
2009.10.28 19:49:40.481,1.23385,1.23455,1.60,2.10
2009.10.28 19:49:41.571,1.23385,1.2346,1.60,2.80
2009.10.28 19:49:41.750,1.23395,1.2345,1.60,1.90
2009.10.28 19:49:45.190,1.2338,1.23455,2.40,2.80
2009.10.28 19:49:45.310,1.234,1.23455,1.60,2.70
2009.10.28 19:49:45.479,1.234,1.23455,1.60,1.00
2009.10.28 19:49:48.589,1.234,1.23455,1.60,2.70
2009.10.28 19:49:48.819,1.234,1.23455,1.60,1.00
2009.10.28 19:49:49.169,1.23385,1.23455,2.40,1.00
2009.10.28 19:49:55.017,1.23385,1.23455,2.40,1.00
2009.10.28 19:49:57.967,1.234,1.23445,1.60,1.90
2009.10.28 19:49:59.416,1.234,1.2345,1.60,1.90
2009.10.28 19:49:59.806,1.234,1.23455,1.60,1.00
2009.10.28 19:49:59.916,1.23415,1.23455,1.60,1.00
2009.10.28 19:50:02.156,1.2338,1.2344,1.60,1.90
2009.10.28 19:50:02.495,1.2338,1.2342,1.60,1.90
2009.10.28 19:50:02.845,1.23265,1.2342,4.00,1.90
2009.10.28 19:50:03.205,1.2334,1.2341,1.00,1.90
2009.10.28 19:50:08.074,1.23305,1.2341,1.00,1.90
2009.10.28 19:50:12.873,1.23335,1.2341,1.60,1.90
2009.10.28 19:50:14.813,1.2335,1.23415,1.60,1.90
2009.10.28 19:50:15.052,1.23335,1.23405,1.60,1.90
2009.10.28 19:50:15.342,1.23335,1.2341,1.60,1.90
2009.10.28 19:50:16.722,1.2334,1.23395,1.60,1.90
2009.10.28 19:50:18.941,1.2334,1.23395,1.60,1.90
2009.10.28 19:50:19.061,1.2335,1.23395,1.60,1.90
2009.10.28 19:50:19.291,1.2335,1.234,1.60,2.10
2009.10.28 19:50:19.342,1.23335,1.2339,1.60,1.90
2009.10.28 19:50:20.311,1.23335,1.2339,1.60,2.00
2009.10.28 19:50:20.791,1.23315,1.23395,1.80,2.00
2009.10.28 19:50:23.641,1.23315,1.2339,1.80,1.90
2009.10.28 19:50:23.870,1.23335,1.23395,1.60,1.00
2009.10.28 19:50:24.280,1.23335,1.23395,1.60,1.00
2009.10.28 19:50:26.070,1.2335,1.23395,1.60,1.00
2009.10.28 19:50:26.300,1.2335,1.23395,1.60,1.00
2009.10.28 19:50:27.320,1.23315,1.2339,1.80,1.00
2009.10.28 19:50:27.999,1.23355,1.234,1.60,1.00
2009.10.28 19:50:28.339,1.23355,1.23395,1.60,1.00
2009.10.28 19:50:32.518,1.23345,1.23395,1.60,1.00
2009.10.28 19:50:33.098,1.23355,1.23395,1.60,1.00
2009.10.28 19:50:33.368,1.23355,1.234,1.60,1.00
2009.10.28 19:50:35.078,1.23355,1.2342,1.60,1.90
2009.10.28 19:50:35.238,1.23355,1.23425,1.60,1.00
2009.10.28 19:50:37.977,1.23365,1.23425,1.60,1.00
2009.10.28 19:50:38.277,1.23365,1.2343,1.60,1.00
2009.10.28 19:50:38.797,1.23365,1.23425,1.60,1.00
2009.10.28 19:50:38.907,1.2335,1.23425,1.60,1.00
2009.10.28 19:50:39.087,1.23335,1.2342,1.60,1.00
2009.10.28 19:50:41.346,1.2334,1.23415,1.60,2.00
2009.10.28 19:50:41.676,1.2334,1.234,1.60,1.90
2009.10.28 19:50:41.956,1.2334,1.234,1.60,2.70
2009.10.28 19:50:43.316,1.2334,1.2339,1.60,1.90
2009.10.28 19:50:43.946,1.2334,1.2339,1.60,1.00
2009.10.28 19:50:44.345,1.2334,1.23425,1.60,2.00
2009.10.28 19:50:44.525,1.2334,1.23425,1.60,1.90
2009.10.28 19:50:44.745,1.2335,1.2343,1.60,2.00
2009.10.28 19:50:46.285,1.23355,1.2341,1.60,1.00
2009.10.28 19:50:47.105,1.23355,1.2341,1.60,1.00
2009.10.28 19:50:48.265,1.23355,1.23405,1.60,1.00
2009.10.28 19:50:49.194,1.23355,1.23405,1.60,1.00
2009.10.28 19:50:50.884,1.23355,1.2338,1.60,1.00
2009.10.28 19:50:51.164,1.23285,1.2337,1.60,1.90
2009.10.28 19:50:52.064,1.23285,1.2336,1.60,1.60
2009.10.28 19:50:52.404,1.23275,1.23355,1.80,1.00
2009.10.28 19:50:53.443,1.23275,1.23345,1.80,1.00
2009.10.28 19:50:54.293,1.23275,1.23355,1.80,1.00
2009.10.28 19:50:55.023,1.2327,1.23355,2.50,1.00
2009.10.28 19:50:55.313,1.23315,1.2335,1.60,1.00
2009.10.28 19:50:59.932,1.2332,1.2336,1.60,1.00
2009.10.28 19:51:01.511,1.2332,1.2336,1.60,1.00
2009.10.28 19:51:02.981,1.23315,1.2336,1.60,1.00
2009.10.28 19:51:03.521,1.2328,1.2336,2.50,1.00
2009.10.28 19:51:04.221,1.2332,1.23355,1.60,1.00
2009.10.28 19:51:04.801,1.233,1.23355,1.60,1.00
2009.10.28 19:51:08.369,1.23315,1.2336,1.60,1.00
2009.10.28 19:51:10.069,1.2329,1.2336,2.50,1.00
2009.10.28 19:51:12.189,1.2333,1.2337,1.60,1.00
2009.10.28 19:51:12.709,1.23335,1.2337,1.60,1.00
2009.10.28 19:51:13.059,1.2331,1.23365,1.60,1.90
2009.10.28 19:51:13.388,1.23295,1.23365,1.60,2.00
2009.10.28 19:51:14.258,1.23295,1.2336,1.60,1.00
2009.10.28 19:51:15.008,1.233,1.23345,1.60,1.90
2009.10.28 19:51:15.118,1.2329,1.23345,1.60,2.00
2009.10.28 19:51:15.528,1.2329,1.23345,1.60,2.80
2009.10.28 19:51:16.568,1.2329,1.2334,1.60,1.00
2009.10.28 19:51:17.578,1.2329,1.2332,1.60,1.90
2009.10.28 19:51:18.217,1.2329,1.23325,1.60,1.90
2009.10.28 19:51:18.877,1.2329,1.23335,1.60,2.10
2009.10.28 19:51:20.187,1.2329,1.23335,1.60,1.90
2009.10.28 19:51:20.527,1.2329,1.23355,1.60,2.10
2009.10.28 19:51:27.335,1.2327,1.23305,1.60,1.90
2009.10.28 19:51:30.264,1.23255,1.2329,1.60,1.90
2009.10.28 19:51:30.434,1.2325,1.23315,1.00,1.90
2009.10.28 19:51:30.904,1.23235,1.23315,1.60,1.90
2009.10.28 19:51:31.194,1.23215,1.2333,10.50,1.90
2009.10.28 19:51:32.514,1.23285,1.2333,1.60,1.90
2009.10.28 19:51:33.953,1.23255,1.2333,2.40,2.00
2009.10.28 19:51:34.063,1.2329,1.2332,1.60,1.90
2009.10.28 19:51:37.543,1.23275,1.23325,1.60,2.10
2009.10.28 19:51:38.533,1.23275,1.23325,1.60,2.00
2009.10.28 19:51:38.702,1.23275,1.23315,1.60,1.90
2009.10.28 19:51:40.542,1.23275,1.233,1.60,1.90
2009.10.28 19:51:40.702,1.2324,1.233,1.60,1.90
2009.10.28 19:51:40.872,1.2324,1.233,1.60,2.70
2009.10.28 19:51:42.261,1.2325,1.2329,1.60,1.00
2009.10.28 19:51:42.552,1.23215,1.2329,1.80,1.00
2009.10.28 19:51:42.781,1.23215,1.23295,1.80,1.00
2009.10.28 19:51:50.380,1.23215,1.23295,1.80,2.00
2009.10.28 19:51:50.719,1.2325,1.2329,1.60,1.00
2009.10.28 19:51:52.009,1.2326,1.23295,1.60,1.00
2009.10.28 19:51:53.769,1.2325,1.23295,1.60,2.00
2009.10.28 19:51:53.999,1.2325,1.2329,1.60,1.00
2009.10.28 19:51:56.028,1.2327,1.2334,1.60,2.00
2009.10.28 19:51:56.418,1.23285,1.2334,1.60,1.00
2009.10.28 19:51:57.088,1.23295,1.23335,1.60,2.90
2009.10.28 19:51:57.438,1.2327,1.2333,1.60,2.90
2009.10.28 19:51:58.318,1.2327,1.2333,1.60,3.00
2009.10.28 19:51:58.428,1.23255,1.2332,1.60,1.90
2009.10.28 19:51:58.488,1.23255,1.2332,1.60,3.70
2009.10.28 19:51:58.608,1.23255,1.23315,1.60,2.80
2009.10.28 19:51:58.948,1.23265,1.23315,1.60,2.70
2009.10.28 19:51:59.407,1.23255,1.2331,1.60,1.00
2009.10.28 19:52:00.437,1.2326,1.23305,1.60,1.00
2009.10.28 19:52:02.237,1.23235,1.23315,3.20,1.00
2009.10.28 19:52:09.325,1.2323,1.23315,1.80,2.80
2009.10.28 19:52:10.295,1.2323,1.2331,1.80,1.00
2009.10.28 19:52:10.415,1.23275,1.23315,1.60,2.80
2009.10.28 19:52:10.585,1.23275,1.23315,1.60,1.00
2009.10.28 19:52:10.635,1.23275,1.23315,1.60,1.00
2009.10.28 19:52:10.805,1.2326,1.23315,1.60,2.20
2009.10.28 19:52:12.364,1.23235,1.23305,3.20,1.00
2009.10.28 19:52:16.083,1.23275,1.23305,1.60,1.00
2009.10.28 19:52:16.203,1.23275,1.23315,1.60,2.00
2009.10.28 19:52:16.373,1.23275,1.23315,1.60,1.00
2009.10.28 19:52:17.193,1.2327,1.23315,1.60,2.80
2009.10.28 19:52:18.173,1.2328,1.2334,1.60,1.00
2009.10.28 19:52:18.353,1.2328,1.2335,1.60,1.90
2009.10.28 19:52:21.572,1.23235,1.23345,10.40,1.90
2009.10.28 19:52:21.802,1.23255,1.23355,1.60,1.90
2009.10.28 19:52:21.982,1.2327,1.23355,1.60,1.90
2009.10.28 19:52:22.552,1.23285,1.2338,1.60,1.90
2009.10.28 19:52:23.472,1.2331,1.2338,1.00,1.90
2009.10.28 19:52:24.292,1.2331,1.2338,1.00,1.90
2009.10.28 19:52:24.641,1.2332,1.2339,1.00,1.90
2009.10.28 19:52:28.331,1.2332,1.2338,1.00,1.90
2009.10.28 19:52:31.000,1.2332,1.2339,2.40,2.00
2009.10.28 19:52:31.230,1.2332,1.2339,2.40,1.90
2009.10.28 19:52:31.510,1.2332,1.234,2.40,1.90
2009.10.28 19:52:32.129,1.2333,1.23405,1.60,1.00
2009.10.28 19:52:35.019,1.23335,1.2341,1.60,1.90
2009.10.28 19:52:40.568,1.23335,1.234,1.60,1.90
2009.10.28 19:52:42.297,1.2333,1.23405,1.00,2.10
2009.10.28 19:52:42.647,1.2333,1.2339,1.00,1.90
2009.10.28 19:52:43.287,1.2333,1.23395,1.00,1.90
2009.10.28 19:52:45.486,1.2333,1.23405,1.00,2.10
2009.10.28 19:52:45.816,1.23325,1.2339,1.60,1.90
2009.10.28 19:52:45.986,1.23315,1.234,1.00,2.70
2009.10.28 19:52:48.046,1.23315,1.23395,1.00,1.90
2009.10.28 19:52:48.406,1.23325,1.234,1.00,1.90
2009.10.28 19:52:53.284,1.2333,1.234,1.00,1.00
2009.10.28 19:53:00.343,1.2333,1.234,1.00,1.00
2009.10.28 19:53:01.912,1.23335,1.23415,1.60,1.00
2009.10.28 19:53:09.031,1.23335,1.23435,1.60,1.00
2009.10.28 19:53:09.091,1.23335,1.2342,1.60,1.90
2009.10.28 19:53:09.620,1.23335,1.23405,1.60,1.90
2009.10.28 19:53:17.759,1.23335,1.2342,1.60,1.90
2009.10.28 19:53:21.688,1.23335,1.2341,1.60,1.90
2009.10.28 19:53:24.797,1.23335,1.23405,1.60,1.90
2009.10.28 19:53:25.087,1.23315,1.23395,1.60,1.90
2009.10.28 19:53:26.466,1.2332,1.2339,1.60,1.90
2009.10.28 19:53:26.746,1.2331,1.23385,2.40,1.90
2009.10.28 19:53:27.276,1.2331,1.23375,2.40,1.90
2009.10.28 19:53:27.627,1.2331,1.23375,1.00,1.90
2009.10.28 19:53:29.816,1.2331,1.23385,1.00,1.90
2009.10.28 19:53:30.046,1.2331,1.23375,1.00,1.90
2009.10.28 19:53:33.785,1.2329,1.23375,1.60,1.90
2009.10.28 19:53:34.184,1.23285,1.23375,1.00,1.90
2009.10.28 19:53:34.244,1.2328,1.23375,1.00,1.90
2009.10.28 19:53:34.354,1.2332,1.2343,1.90,2.40
2009.10.28 19:53:34.465,1.2333,1.2346,1.00,1.00
2009.10.28 19:53:34.804,1.2333,1.23475,1.00,1.90
2009.10.28 19:53:36.434,1.23345,1.2345,1.00,1.90
2009.10.28 19:53:36.654,1.23345,1.2345,1.00,1.90
2009.10.28 19:53:38.174,1.23355,1.23445,1.00,1.90
2009.10.28 19:53:38.463,1.23355,1.23455,1.00,1.90
2009.10.28 19:53:40.173,1.2335,1.23445,1.00,1.90
2009.10.28 19:53:40.443,1.2335,1.23445,1.00,1.90
2009.10.28 19:53:41.173,1.2334,1.2344,1.00,1.90
2009.10.28 19:53:41.403,1.2334,1.23435,1.00,1.90
2009.10.28 19:53:41.753,1.23335,1.23425,1.00,1.90
2009.10.28 19:53:43.242,1.2333,1.23425,1.00,1.90
2009.10.28 19:53:43.532,1.23325,1.2342,1.00,1.90
2009.10.28 19:53:43.873,1.23325,1.2341,1.00,1.90
2009.10.28 19:53:44.102,1.23325,1.2342,1.00,1.90
2009.10.28 19:53:44.342,1.23335,1.2342,1.60,1.90
2009.10.28 19:53:44.562,1.2335,1.23425,1.60,1.90
2009.10.28 19:53:45.322,1.2335,1.2342,1.60,2.00
