2014.02.04 13:00:00.071,1.09068,1.09085,1.15,1.00
2014.02.04 13:00:01.115,1.09066,1.09083,1.18,1.00
2014.02.04 13:00:01.216,1.09066,1.09083,1.10,1.00
2014.02.04 13:00:02.999,1.09063,1.09083,1.08,1.00
2014.02.04 13:00:03.100,1.09061,1.09079,1.10,1.00
2014.02.04 13:00:04.680,1.09062,1.09079,1.00,1.00
2014.02.04 13:00:04.883,1.09062,1.09082,1.00,1.00
2014.02.04 13:00:04.984,1.09064,1.09082,1.00,1.00
2014.02.04 13:00:05.543,1.09064,1.09082,1.18,1.00
2014.02.04 13:00:07.024,1.09062,1.09078,1.08,1.00
2014.02.04 13:00:07.076,1.09062,1.09078,1.00,1.00
2014.02.04 13:00:07.127,1.09062,1.09078,1.00,1.38
2014.02.04 13:00:07.179,1.09055,1.09078,1.00,1.88
2014.02.04 13:00:07.230,1.09052,1.09072,1.00,1.00
2014.02.04 13:00:07.534,1.09052,1.09067,1.00,1.00
2014.02.04 13:00:12.058,1.09052,1.09063,1.00,1.00
2014.02.04 13:00:12.109,1.09047,1.09063,1.00,1.00
2014.02.04 13:00:12.663,1.09046,1.09063,1.00,1.00
2014.02.04 13:00:12.815,1.09043,1.09063,1.00,1.00
2014.02.04 13:00:14.690,1.09043,1.09063,1.08,1.00
2014.02.04 13:00:15.134,1.09047,1.09063,1.50,1.00
2014.02.04 13:00:15.286,1.09047,1.09067,1.58,1.00
2014.02.04 13:00:15.590,1.09046,1.09061,1.00,1.00
2014.02.04 13:00:15.693,1.09043,1.09061,1.00,1.00
2014.02.04 13:00:16.944,1.09041,1.09061,2.03,1.00
2014.02.04 13:00:17.147,1.09039,1.09061,1.00,1.00
2014.02.04 13:00:17.250,1.09036,1.09057,1.15,1.00
2014.02.04 13:00:17.301,1.09036,1.09057,1.10,1.00
2014.02.04 13:00:20.341,1.09041,1.09057,1.00,1.00
2014.02.04 13:00:20.645,1.09047,1.09057,1.00,1.00
2014.02.04 13:00:21.154,1.09041,1.09057,1.10,1.00
2014.02.04 13:00:21.872,1.09046,1.09057,1.00,1.00
2014.02.04 13:00:26.401,1.09041,1.09057,1.00,1.00
2014.02.04 13:00:28.305,1.09047,1.09057,1.00,1.00
2014.02.04 13:00:32.023,1.09041,1.09057,1.00,1.00
2014.02.04 13:00:35.842,1.09046,1.09057,1.00,1.00
2014.02.04 13:00:40.168,1.09042,1.09057,1.00,1.00
2014.02.04 13:00:48.535,1.09042,1.09061,1.00,1.00
2014.02.04 13:00:49.152,1.09038,1.09061,1.53,1.00
2014.02.04 13:00:49.203,1.09038,1.09056,1.53,1.00
2014.02.04 13:00:49.471,1.09039,1.09056,1.00,1.00
2014.02.04 13:00:49.993,1.09039,1.09056,1.38,1.00
2014.02.04 13:00:50.882,1.09038,1.09056,1.20,1.00
2014.02.04 13:00:53.459,1.09038,1.09056,1.48,1.00
2014.02.04 13:00:55.246,1.09039,1.09056,1.13,1.00
2014.02.04 13:00:58.137,1.09039,1.09056,1.69,1.00
2014.02.04 13:00:58.442,1.09041,1.09064,1.74,1.00
2014.02.04 13:00:58.595,1.09041,1.09063,1.47,1.00
2014.02.04 13:00:58.748,1.09037,1.09059,1.77,1.00
2014.02.04 13:00:59.052,1.09045,1.09059,1.57,1.00
2014.02.04 13:01:00.072,1.09045,1.09064,1.84,1.00
2014.02.04 13:01:00.578,1.09045,1.09064,2.04,1.00
2014.02.04 13:01:03.045,1.09043,1.0906,2.07,1.00
2014.02.04 13:01:03.146,1.09043,1.0906,2.07,1.00
2014.02.04 13:01:03.400,1.09039,1.09057,1.57,1.00
2014.02.04 13:01:04.561,1.09039,1.09057,1.57,1.00
2014.02.04 13:01:11.391,1.09039,1.09057,1.00,1.00
2014.02.04 13:01:11.892,1.09036,1.09057,2.70,1.00
2014.02.04 13:01:16.320,1.09036,1.09057,2.33,1.00
2014.02.04 13:01:18.105,1.09036,1.09057,4.02,1.00
2014.02.04 13:01:23.598,1.09038,1.09057,1.00,1.00
2014.02.04 13:01:23.919,1.09038,1.09052,1.00,1.00
2014.02.04 13:01:25.876,1.09037,1.09052,1.50,1.00
2014.02.04 13:01:31.327,1.09037,1.09052,1.57,1.00
2014.02.04 13:01:31.530,1.09042,1.09055,1.57,1.00
2014.02.04 13:01:31.631,1.09041,1.09055,1.50,1.00
2014.02.04 13:01:31.936,1.09036,1.09055,1.50,1.00
2014.02.04 13:01:32.305,1.0903,1.09052,2.03,1.00
2014.02.04 13:01:32.357,1.0903,1.09052,2.03,1.00
2014.02.04 13:01:33.181,1.09028,1.09048,1.47,1.00
2014.02.04 13:01:34.788,1.09027,1.09048,1.88,1.00
2014.02.04 13:01:34.839,1.09028,1.09044,1.20,1.00
2014.02.04 13:01:36.190,1.09028,1.09044,1.48,1.00
2014.02.04 13:01:37.900,1.09028,1.09044,1.20,1.00
2014.02.04 13:01:42.392,1.09031,1.09044,1.57,1.00
2014.02.04 13:01:42.645,1.09029,1.09044,1.38,1.00
2014.02.04 13:01:43.167,1.09029,1.09044,1.13,1.00
2014.02.04 13:01:43.752,1.09029,1.09044,1.38,1.00
2014.02.04 13:01:44.271,1.09029,1.09044,1.13,1.00
2014.02.04 13:01:44.806,1.09029,1.09044,1.38,1.00
2014.02.04 13:01:45.341,1.09029,1.09044,1.38,1.00
2014.02.04 13:01:46.223,1.09024,1.09044,1.45,1.00
2014.02.04 13:01:46.560,1.09027,1.09044,1.38,1.00
2014.02.04 13:01:46.669,1.09027,1.09044,1.38,1.00
2014.02.04 13:01:48.317,1.09027,1.09044,1.13,1.00
2014.02.04 13:01:48.420,1.09027,1.09044,1.38,1.00
2014.02.04 13:01:49.524,1.09026,1.09044,1.38,1.00
2014.02.04 13:01:50.007,1.09026,1.09044,1.38,1.00
2014.02.04 13:01:50.411,1.09026,1.09044,1.38,1.00
2014.02.04 13:01:50.564,1.09028,1.09047,1.38,1.00
2014.02.04 13:01:51.089,1.09031,1.09047,1.38,1.00
2014.02.04 13:01:51.632,1.09031,1.09047,1.00,1.00
2014.02.04 13:01:52.890,1.09028,1.09047,1.55,1.00
2014.02.04 13:01:53.443,1.09029,1.09047,1.45,1.00
2014.02.04 13:01:53.545,1.09027,1.09044,1.88,1.00
2014.02.04 13:01:53.748,1.09024,1.09041,1.10,1.00
2014.02.04 13:01:54.168,1.09022,1.09041,1.53,1.00
2014.02.04 13:01:54.471,1.09031,1.09041,1.00,1.00
2014.02.04 13:01:55.642,1.09022,1.09041,1.28,1.00
2014.02.04 13:01:56.160,1.09022,1.09041,1.53,1.00
2014.02.04 13:01:56.301,1.09027,1.09041,1.00,1.00
2014.02.04 13:01:57.042,1.09027,1.09046,1.18,1.00
2014.02.04 13:01:58.113,1.09027,1.09046,1.55,1.00
2014.02.04 13:01:59.653,1.09023,1.09046,1.53,1.00
2014.02.04 13:02:00.312,1.09023,1.09046,1.53,1.00
2014.02.04 13:02:02.249,1.09023,1.09046,1.53,1.00
2014.02.04 13:02:06.091,1.09026,1.09046,1.00,1.00
2014.02.04 13:02:07.118,1.09024,1.09046,1.18,1.00
2014.02.04 13:02:07.168,1.09024,1.09042,1.10,1.00
2014.02.04 13:02:11.614,1.09025,1.09042,1.00,1.00
2014.02.04 13:02:13.451,1.09025,1.09046,1.00,1.00
2014.02.04 13:02:13.502,1.09028,1.09046,1.00,1.00
2014.02.04 13:02:25.859,1.09031,1.09046,1.00,1.00
2014.02.04 13:02:28.170,1.09028,1.09046,1.00,1.00
2014.02.04 13:02:30.646,1.09032,1.09046,1.00,1.00
2014.02.04 13:02:31.139,1.09028,1.09046,1.00,1.00
2014.02.04 13:02:32.369,1.09032,1.09046,1.00,1.00
2014.02.04 13:02:32.913,1.09028,1.09046,1.00,1.00
2014.02.04 13:02:39.068,1.09026,1.09046,1.50,1.00
2014.02.04 13:02:39.736,1.09026,1.09041,1.50,1.00
2014.02.04 13:02:39.939,1.09024,1.09041,1.00,1.00
2014.02.04 13:02:39.991,1.09022,1.09041,1.00,1.00
2014.02.04 13:02:40.042,1.09022,1.09037,1.00,1.00
2014.02.04 13:02:41.619,1.09027,1.09037,1.00,1.00
2014.02.04 13:02:44.369,1.09022,1.09037,1.00,1.00
2014.02.04 13:02:44.571,1.09022,1.09033,1.00,1.00
2014.02.04 13:02:44.774,1.09022,1.09038,1.00,1.13
2014.02.04 13:02:44.926,1.09031,1.09038,1.00,1.00
2014.02.04 13:02:45.128,1.09027,1.09038,1.00,1.00
2014.02.04 13:02:46.355,1.09025,1.09038,1.00,1.00
2014.02.04 13:02:46.763,1.09022,1.09038,1.00,1.00
2014.02.04 13:02:47.285,1.09021,1.09038,1.00,1.00
2014.02.04 13:02:47.684,1.09026,1.09038,1.00,1.00
2014.02.04 13:02:48.624,1.09026,1.09034,1.00,1.00
2014.02.04 13:02:50.533,1.09026,1.09031,1.00,1.00
2014.02.04 13:02:51.820,1.09022,1.09031,1.00,1.00
2014.02.04 13:02:52.152,1.09026,1.09031,1.00,1.00
2014.02.04 13:02:52.371,1.09021,1.09031,1.00,1.00
2014.02.04 13:02:56.669,1.09026,1.09031,1.00,1.00
2014.02.04 13:02:56.890,1.09021,1.09031,1.00,1.00
2014.02.04 13:02:58.880,1.09017,1.09031,1.00,1.00
2014.02.04 13:02:59.133,1.09022,1.09031,1.00,1.00
2014.02.04 13:02:59.437,1.09029,1.09036,1.00,3.75
2014.02.04 13:02:59.690,1.09026,1.09039,1.00,1.38
2014.02.04 13:02:59.842,1.09022,1.09029,1.00,1.00
2014.02.04 13:02:59.892,1.09027,1.09035,1.00,3.75
2014.02.04 13:03:00.499,1.09027,1.09033,1.00,1.00
2014.02.04 13:03:05.359,1.0903,1.09039,1.00,1.13
2014.02.04 13:03:06.572,1.09026,1.09033,1.00,1.00
2014.02.04 13:03:06.673,1.09023,1.09032,1.00,1.00
2014.02.04 13:03:06.927,1.09025,1.09035,1.00,3.75
2014.02.04 13:03:07.461,1.09018,1.09033,1.00,1.00
2014.02.04 13:03:07.562,1.09022,1.09033,1.00,1.00
2014.02.04 13:03:07.664,1.09022,1.09031,1.00,1.00
2014.02.04 13:03:07.968,1.09018,1.09034,1.08,1.00
2014.02.04 13:03:08.019,1.09027,1.09034,1.00,1.00
2014.02.04 13:03:09.667,1.09021,1.09034,1.38,1.00
2014.02.04 13:03:10.139,1.09021,1.09034,1.38,1.00
2014.02.04 13:03:10.442,1.09027,1.09034,1.00,1.00
2014.02.04 13:03:18.461,1.09022,1.09034,1.00,1.00
2014.02.04 13:03:23.392,1.09016,1.09034,1.18,1.00
2014.02.04 13:03:23.595,1.09022,1.09034,1.00,1.00
2014.02.04 13:03:28.430,1.09022,1.09034,1.08,1.00
2014.02.04 13:03:36.575,1.09024,1.09034,1.00,1.00
2014.02.04 13:03:36.626,1.09024,1.09036,1.50,1.00
2014.02.04 13:03:36.828,1.09024,1.09038,1.65,1.00
2014.02.04 13:03:36.929,1.09027,1.09038,1.00,1.00
2014.02.04 13:03:37.487,1.09027,1.09038,1.15,1.00
2014.02.04 13:03:38.718,1.09024,1.09038,1.65,1.00
2014.02.04 13:03:39.297,1.09026,1.09038,1.00,1.00
2014.02.04 13:03:39.500,1.09026,1.09038,1.08,1.00
2014.02.04 13:03:40.020,1.09026,1.09038,1.15,1.00
2014.02.04 13:03:44.825,1.09026,1.09038,1.10,1.00
2014.02.04 13:03:47.388,1.09027,1.09038,1.00,1.00
2014.02.04 13:03:47.903,1.09026,1.09039,1.95,1.00
2014.02.04 13:03:48.055,1.09026,1.09036,1.88,1.00
2014.02.04 13:03:58.378,1.09028,1.09036,1.00,1.00
2014.02.04 13:03:58.479,1.09032,1.09038,1.10,1.00
2014.02.04 13:03:58.581,1.09032,1.09038,1.10,1.00
2014.02.04 13:04:00.268,1.09031,1.09038,1.00,1.00
2014.02.04 13:04:01.677,1.09035,1.09045,1.00,1.38
2014.02.04 13:04:02.101,1.09031,1.09038,1.48,1.00
2014.02.04 13:04:02.607,1.09031,1.09038,1.00,1.00
2014.02.04 13:04:03.113,1.09032,1.0904,1.00,1.00
2014.02.04 13:04:06.303,1.09036,1.09044,1.58,1.00
2014.02.04 13:04:06.404,1.09036,1.09047,1.58,1.00
2014.02.04 13:04:06.759,1.09036,1.09045,1.10,1.00
2014.02.04 13:04:07.090,1.09028,1.09038,3.15,1.00
2014.02.04 13:04:11.030,1.09036,1.09045,1.00,1.00
2014.02.04 13:04:11.132,1.0904,1.09045,1.00,1.00
2014.02.04 13:04:12.497,1.09044,1.0905,1.00,1.38
2014.02.04 13:04:12.802,1.09054,1.09064,1.38,1.38
2014.02.04 13:04:12.854,1.09054,1.09064,1.48,1.00
2014.02.04 13:04:12.906,1.09057,1.09066,1.50,1.00
2014.02.04 13:04:12.958,1.09062,1.09068,1.50,1.00
2014.02.04 13:04:13.009,1.09062,1.09075,1.50,1.00
2014.02.04 13:04:13.111,1.09066,1.09075,1.00,1.00
2014.02.04 13:04:13.664,1.09066,1.0908,1.50,1.00
2014.02.04 13:04:15.882,1.09071,1.0908,1.00,1.00
2014.02.04 13:04:15.984,1.09072,1.09085,1.00,1.00
2014.02.04 13:04:16.186,1.09069,1.09084,1.88,1.00
2014.02.04 13:04:16.237,1.09064,1.09084,1.00,1.00
2014.02.04 13:04:16.440,1.09063,1.09078,1.50,1.00
2014.02.04 13:04:16.745,1.09061,1.09073,1.00,1.00
2014.02.04 13:04:18.868,1.09066,1.09073,1.50,1.00
2014.02.04 13:04:19.071,1.09066,1.09077,1.50,1.00
2014.02.04 13:04:24.440,1.09062,1.09077,1.00,1.00
2014.02.04 13:04:24.643,1.09065,1.09077,1.00,1.00
2014.02.04 13:04:24.947,1.09062,1.09077,1.00,1.00
2014.02.04 13:04:28.689,1.09062,1.09077,1.00,1.38
2014.02.04 13:04:28.740,1.09057,1.09073,1.13,1.00
2014.02.04 13:04:28.842,1.09061,1.09069,1.00,1.00
2014.02.04 13:04:29.586,1.09057,1.09069,1.88,1.00
2014.02.04 13:04:29.738,1.09057,1.09076,1.20,1.13
2014.02.04 13:04:31.386,1.09062,1.09076,1.00,1.00
2014.02.04 13:04:31.737,1.09065,1.09079,1.00,1.00
2014.02.04 13:04:32.277,1.09066,1.09079,1.00,1.00
2014.02.04 13:04:33.148,1.09067,1.09079,1.00,1.00
2014.02.04 13:04:37.213,1.09066,1.09079,1.00,1.00
2014.02.04 13:04:40.886,1.09064,1.09079,1.13,1.00
2014.02.04 13:04:40.937,1.0906,1.09079,1.65,1.00
2014.02.04 13:04:41.444,1.09062,1.09079,1.00,1.00
2014.02.04 13:04:41.800,1.09069,1.09079,1.00,1.00
2014.02.04 13:04:41.851,1.09072,1.09084,1.00,1.13
2014.02.04 13:04:41.953,1.09066,1.09087,1.98,1.00
2014.02.04 13:04:42.257,1.09068,1.09084,1.88,1.00
2014.02.04 13:04:42.460,1.0906,1.09079,1.00,1.00
2014.02.04 13:04:42.511,1.0906,1.09075,1.00,1.00
2014.02.04 13:04:42.664,1.09056,1.09075,1.58,1.00
2014.02.04 13:04:42.715,1.09062,1.09075,1.00,1.00
2014.02.04 13:04:42.918,1.09053,1.09075,2.40,1.00
2014.02.04 13:04:43.429,1.09054,1.09075,1.15,1.00
2014.02.04 13:04:43.581,1.09051,1.09075,1.53,1.00
2014.02.04 13:04:45.436,1.09057,1.09075,1.50,1.00
2014.02.04 13:04:45.690,1.09058,1.09081,1.65,1.00
2014.02.04 13:04:45.741,1.09064,1.09081,1.00,1.00
2014.02.04 13:04:45.793,1.09064,1.09087,1.00,1.00
2014.02.04 13:04:45.894,1.09077,1.09087,1.00,1.38
2014.02.04 13:04:46.198,1.0907,1.09086,1.00,1.00
2014.02.04 13:04:46.299,1.09066,1.09086,1.00,1.00
2014.02.04 13:04:46.451,1.09066,1.09076,1.00,1.00
2014.02.04 13:04:46.654,1.09057,1.09076,1.58,1.00
2014.02.04 13:04:47.240,1.09057,1.09076,1.18,1.00
2014.02.04 13:04:48.621,1.09066,1.09076,1.00,1.00
2014.02.04 13:04:48.774,1.09066,1.09082,1.00,1.00
2014.02.04 13:04:52.085,1.09066,1.09082,1.08,1.00
2014.02.04 13:04:52.389,1.09075,1.09087,1.00,1.00
2014.02.04 13:04:56.423,1.09072,1.09087,1.00,1.00
2014.02.04 13:04:56.474,1.09069,1.09087,1.50,1.00
2014.02.04 13:04:56.676,1.09068,1.09081,1.00,1.00
2014.02.04 13:04:56.977,1.09068,1.09079,1.00,1.00
2014.02.04 13:04:59.081,1.09071,1.09079,1.00,1.00
2014.02.04 13:04:59.232,1.09074,1.09084,1.00,1.00
2014.02.04 13:04:59.334,1.09074,1.09088,1.00,1.00
2014.02.04 13:05:00.197,1.09068,1.09088,1.00,1.00
2014.02.04 13:05:00.248,1.09064,1.09088,1.08,1.13
2014.02.04 13:05:00.299,1.09062,1.09084,1.18,1.00
2014.02.04 13:05:00.609,1.09062,1.09079,1.00,1.00
2014.02.04 13:05:00.965,1.09062,1.09076,1.00,1.00
2014.02.04 13:05:03.108,1.09057,1.09076,1.95,1.00
2014.02.04 13:05:04.398,1.09064,1.09076,1.00,1.00
2014.02.04 13:05:04.702,1.09072,1.0908,1.00,1.00
2014.02.04 13:05:10.457,1.09072,1.09086,1.00,1.00
2014.02.04 13:05:10.610,1.09076,1.09086,1.00,1.00
2014.02.04 13:05:12.161,1.09073,1.09086,1.50,1.00
2014.02.04 13:05:12.212,1.09071,1.09086,1.00,1.00
2014.02.04 13:05:12.364,1.09065,1.09086,1.20,1.00
2014.02.04 13:05:12.769,1.09064,1.0908,1.00,1.00
2014.02.04 13:05:13.124,1.09066,1.0908,1.00,1.00
2014.02.04 13:05:14.860,1.09064,1.0908,1.00,1.00
2014.02.04 13:05:15.071,1.09071,1.0908,1.00,1.00
2014.02.04 13:05:16.622,1.09067,1.0908,1.00,1.00
2014.02.04 13:05:16.825,1.09067,1.09078,1.00,1.00
2014.02.04 13:05:20.676,1.09064,1.09078,1.00,1.00
2014.02.04 13:05:21.289,1.09057,1.09078,1.50,1.50
2014.02.04 13:05:21.340,1.09057,1.09072,1.00,1.00
2014.02.04 13:05:21.644,1.09057,1.09065,1.00,1.00
2014.02.04 13:05:23.641,1.09059,1.09065,1.00,1.00
2014.02.04 13:05:23.895,1.09062,1.0907,1.00,1.00
2014.02.04 13:05:23.946,1.09061,1.09075,1.00,1.00
2014.02.04 13:05:24.049,1.09056,1.09075,1.50,1.00
2014.02.04 13:05:24.302,1.09056,1.09069,1.00,1.00
2014.02.04 13:05:24.455,1.0905,1.09069,1.00,1.00
2014.02.04 13:05:26.600,1.0906,1.09069,1.00,1.00
2014.02.04 13:05:26.701,1.09061,1.09073,1.00,1.00
2014.02.04 13:05:26.803,1.09061,1.09076,1.00,1.00
2014.02.04 13:05:29.832,1.0906,1.09076,1.50,1.00
2014.02.04 13:05:30.186,1.09055,1.09076,1.50,1.00
2014.02.04 13:05:30.237,1.09055,1.09071,1.50,1.00
2014.02.04 13:05:30.541,1.09062,1.09071,1.00,1.00
2014.02.04 13:05:30.592,1.09051,1.09071,2.63,1.00
2014.02.04 13:05:30.694,1.09051,1.09071,1.50,1.00
2014.02.04 13:05:30.896,1.09051,1.09071,1.58,1.00
2014.02.04 13:05:32.250,1.09067,1.09077,1.00,1.00
2014.02.04 13:05:33.325,1.09056,1.09077,2.78,1.00
2014.02.04 13:05:33.831,1.09063,1.09077,1.00,1.00
2014.02.04 13:05:33.984,1.09061,1.09077,2.25,1.00
2014.02.04 13:05:37.171,1.09067,1.09077,1.00,1.00
2014.02.04 13:05:42.963,1.09062,1.09077,1.00,1.00
2014.02.04 13:05:44.255,1.09067,1.09077,1.00,1.00
2014.02.04 13:05:45.113,1.09067,1.0908,1.00,1.00
2014.02.04 13:05:45.522,1.09064,1.0908,1.00,1.00
2014.02.04 13:05:45.573,1.09066,1.0908,1.32,1.00
2014.02.04 13:05:51.420,1.09067,1.0908,1.00,1.00
2014.02.04 13:06:05.585,1.09067,1.0908,1.57,1.00
2014.02.04 13:06:05.889,1.09076,1.09088,1.00,1.00
2014.02.04 13:06:08.392,1.09078,1.09088,1.00,1.00
2014.02.04 13:06:08.443,1.09078,1.09092,1.00,1.00
2014.02.04 13:06:08.494,1.09076,1.09092,1.00,1.00
2014.02.04 13:06:08.545,1.09076,1.09088,1.00,1.00
2014.02.04 13:06:08.900,1.09076,1.09085,1.00,1.00
2014.02.04 13:06:09.001,1.09076,1.09089,1.00,1.00
2014.02.04 13:06:09.103,1.09071,1.09089,2.07,1.00
2014.02.04 13:06:09.155,1.09071,1.09089,2.67,1.00
2014.02.04 13:06:09.357,1.09071,1.09089,1.32,1.00
2014.02.04 13:06:09.976,1.09074,1.09089,1.00,1.00
2014.02.04 13:06:11.322,1.09073,1.09089,1.00,1.00
2014.02.04 13:06:11.588,1.09071,1.09089,1.32,1.00
2014.02.04 13:06:11.690,1.09073,1.09089,1.00,1.00
2014.02.04 13:06:12.277,1.09074,1.09089,1.00,1.00
2014.02.04 13:06:12.911,1.09073,1.09089,1.00,1.00
2014.02.04 13:06:13.589,1.09073,1.09089,1.57,1.00
2014.02.04 13:06:14.910,1.09076,1.09089,1.50,1.00
2014.02.04 13:06:15.909,1.09079,1.09089,1.77,1.00
2014.02.04 13:06:16.163,1.09082,1.09092,1.00,1.00
2014.02.04 13:06:16.214,1.09076,1.09092,2.22,1.00
2014.02.04 13:06:16.873,1.09076,1.09092,2.07,1.00
2014.02.04 13:06:18.270,1.09081,1.09092,1.00,1.00
2014.02.04 13:06:19.110,1.09076,1.09092,1.32,1.00
2014.02.04 13:06:20.179,1.09076,1.09088,2.07,1.00
2014.02.04 13:06:21.622,1.09077,1.09088,2.59,1.00
2014.02.04 13:06:21.926,1.09087,1.09093,1.00,1.00
2014.02.04 13:06:21.977,1.09084,1.09093,1.00,1.00
2014.02.04 13:06:22.028,1.09077,1.09093,1.50,1.00
2014.02.04 13:06:22.180,1.09077,1.09088,1.00,1.00
2014.02.04 13:06:22.385,1.09073,1.09088,1.00,1.00
2014.02.04 13:06:22.436,1.09069,1.09088,1.50,1.00
2014.02.04 13:06:22.537,1.09067,1.09085,1.00,1.00
2014.02.04 13:06:22.840,1.09067,1.0908,1.00,1.00
2014.02.04 13:06:23.144,1.09077,1.0909,1.02,1.00
2014.02.04 13:06:23.195,1.09077,1.09088,3.19,1.00
2014.02.04 13:06:23.246,1.09084,1.09088,1.00,1.00
2014.02.04 13:06:23.398,1.09084,1.09092,1.00,1.00
2014.02.04 13:06:23.449,1.09078,1.09092,1.00,1.00
2014.02.04 13:06:23.601,1.09078,1.09088,1.00,1.00
2014.02.04 13:06:24.161,1.09077,1.09088,1.00,1.00
2014.02.04 13:06:24.360,1.09077,1.09092,1.13,1.00
2014.02.04 13:06:24.412,1.09082,1.09092,1.00,1.00
2014.02.04 13:06:24.715,1.09076,1.09092,2.33,1.00
2014.02.04 13:06:24.816,1.09076,1.0909,1.00,1.00
2014.02.04 13:06:25.339,1.09077,1.0909,1.00,1.00
2014.02.04 13:06:25.390,1.09075,1.0909,1.00,1.00
2014.02.04 13:06:27.713,1.09069,1.0909,1.18,1.00
2014.02.04 13:06:29.075,1.09068,1.0909,1.13,1.00
2014.02.04 13:06:29.359,1.09076,1.0909,1.00,1.00
2014.02.04 13:06:29.713,1.09081,1.0909,1.00,1.00
2014.02.04 13:06:29.921,1.09075,1.0909,1.57,1.00
2014.02.04 13:06:31.121,1.09075,1.0909,1.00,1.00
2014.02.04 13:06:31.668,1.09072,1.0909,1.00,1.00
2014.02.04 13:06:32.074,1.09072,1.09086,1.00,1.00
2014.02.04 13:06:32.126,1.0907,1.09086,1.00,1.00
2014.02.04 13:06:33.533,1.09071,1.09086,1.00,1.00
2014.02.04 13:06:34.548,1.09073,1.09086,1.00,1.00
2014.02.04 13:06:34.852,1.09082,1.0909,1.00,1.00
2014.02.04 13:06:35.004,1.09079,1.0909,1.00,1.00
2014.02.04 13:06:35.107,1.09076,1.09088,1.00,1.00
2014.02.04 13:06:35.208,1.09072,1.09088,1.00,1.00
2014.02.04 13:06:35.259,1.09065,1.09088,3.15,1.00
2014.02.04 13:06:35.798,1.09069,1.09087,1.00,1.00
2014.02.04 13:06:36.001,1.09067,1.09087,1.00,1.00
2014.02.04 13:06:36.153,1.09074,1.09087,1.00,1.00
2014.02.04 13:06:36.306,1.09067,1.09087,1.00,1.00
2014.02.04 13:06:36.577,1.09067,1.09079,1.00,1.00
2014.02.04 13:06:36.889,1.09074,1.09085,1.00,1.38
2014.02.04 13:06:37.142,1.09077,1.09083,1.00,1.00
2014.02.04 13:06:37.244,1.09077,1.09089,1.00,1.00
2014.02.04 13:06:37.446,1.09082,1.09089,1.00,1.00
2014.02.04 13:06:37.930,1.09078,1.09089,1.00,1.00
2014.02.04 13:06:38.194,1.09075,1.09089,1.00,1.00
2014.02.04 13:06:38.824,1.09077,1.09089,1.00,1.00
2014.02.04 13:06:39.617,1.09075,1.09089,1.00,1.00
2014.02.04 13:06:39.870,1.09075,1.09085,1.00,1.00
2014.02.04 13:06:39.972,1.09072,1.09085,1.50,1.50
2014.02.04 13:06:40.023,1.09072,1.0908,1.00,1.00
2014.02.04 13:06:40.328,1.09077,1.09088,1.00,1.00
2014.02.04 13:06:41.924,1.09081,1.09088,1.50,1.00
2014.02.04 13:06:41.975,1.09081,1.09093,2.25,1.13
2014.02.04 13:06:42.199,1.09079,1.09093,1.00,1.00
2014.02.04 13:06:42.402,1.09079,1.09088,1.00,1.00
2014.02.04 13:06:42.453,1.09071,1.09088,1.00,1.00
2014.02.04 13:06:43.870,1.09067,1.09088,1.15,1.00
2014.02.04 13:06:44.123,1.09077,1.09088,1.00,1.00
2014.02.04 13:06:44.326,1.09075,1.09088,1.00,1.00
2014.02.04 13:06:44.427,1.09072,1.09088,1.10,1.00
2014.02.04 13:06:44.782,1.09067,1.09088,2.40,1.00
2014.02.04 13:06:47.429,1.09076,1.09088,1.00,1.00
2014.02.04 13:06:47.869,1.09067,1.09088,1.18,1.00
2014.02.04 13:06:48.274,1.09067,1.09082,1.00,1.00
2014.02.04 13:06:48.679,1.09067,1.09077,1.00,1.00
2014.02.04 13:06:50.061,1.09071,1.09077,1.00,1.00
2014.02.04 13:06:51.492,1.09074,1.0909,1.00,1.00
2014.02.04 13:06:52.402,1.09066,1.09077,1.00,1.00
2014.02.04 13:06:55.094,1.09066,1.09082,1.00,1.00
2014.02.04 13:06:55.145,1.09077,1.09082,1.00,1.00
2014.02.04 13:06:55.348,1.09066,1.09082,1.00,1.00
2014.02.04 13:06:55.601,1.09076,1.09082,1.00,1.00
2014.02.04 13:06:55.956,1.09076,1.09087,1.00,1.00
2014.02.04 13:06:57.143,1.09071,1.09087,1.50,1.00
2014.02.04 13:06:59.180,1.0907,1.09087,1.00,1.00
2014.02.04 13:06:59.333,1.09072,1.09087,1.00,1.00
2014.02.04 13:06:59.646,1.09077,1.09087,1.00,1.00
2014.02.04 13:07:00.069,1.09081,1.09098,1.00,1.00
2014.02.04 13:07:00.222,1.09081,1.09087,1.00,1.00
2014.02.04 13:07:00.869,1.09084,1.09097,1.00,1.00
2014.02.04 13:07:01.021,1.09086,1.09091,1.00,1.00
2014.02.04 13:07:02.601,1.09084,1.09091,1.00,1.00
2014.02.04 13:07:02.703,1.09076,1.09091,1.00,1.00
2014.02.04 13:07:03.377,1.09075,1.09091,1.00,1.00
2014.02.04 13:07:03.478,1.09072,1.09091,1.10,1.00
2014.02.04 13:07:05.368,1.09082,1.09091,1.00,1.00
2014.02.04 13:07:09.109,1.09076,1.09091,1.00,1.00
2014.02.04 13:07:11.847,1.09081,1.09091,1.00,1.00
2014.02.04 13:07:12.628,1.09077,1.09091,1.00,1.00
2014.02.04 13:07:13.134,1.09075,1.09091,1.00,1.00
2014.02.04 13:07:13.238,1.09071,1.09086,1.00,1.00
2014.02.04 13:07:13.542,1.09072,1.0908,1.00,1.00
2014.02.04 13:07:13.795,1.09077,1.09087,1.00,1.00
2014.02.04 13:07:13.904,1.09075,1.09087,1.00,1.00
2014.02.04 13:07:13.955,1.09073,1.09087,1.00,1.00
2014.02.04 13:07:14.006,1.09071,1.09083,1.00,1.00
2014.02.04 13:07:16.318,1.09063,1.09083,1.15,1.00
2014.02.04 13:07:18.748,1.09061,1.09078,1.18,1.00
2014.02.04 13:07:19.838,1.09066,1.09078,1.00,1.00
2014.02.04 13:07:21.443,1.09072,1.09078,1.00,1.00
2014.02.04 13:07:30.076,1.09071,1.09078,1.00,1.00
2014.02.04 13:07:30.622,1.09075,1.09088,1.00,1.38
2014.02.04 13:07:30.926,1.09072,1.09083,1.00,1.00
2014.02.04 13:07:31.280,1.09082,1.09089,1.00,1.00
2014.02.04 13:07:31.609,1.09077,1.09089,1.00,1.00
2014.02.04 13:07:31.914,1.09075,1.09089,1.00,1.00
2014.02.04 13:07:31.965,1.09073,1.09089,1.00,1.00
2014.02.04 13:07:32.993,1.09073,1.09089,1.08,1.00
2014.02.04 13:07:33.354,1.09073,1.09089,1.68,1.00
2014.02.04 13:07:33.658,1.09086,1.09099,1.00,1.50
2014.02.04 13:07:34.011,1.09086,1.09093,1.00,1.00
2014.02.04 13:07:36.900,1.09085,1.09093,1.00,1.00
2014.02.04 13:07:36.951,1.09078,1.09093,1.58,1.00
2014.02.04 13:07:37.002,1.09078,1.09093,1.10,1.00
2014.02.04 13:07:37.053,1.09072,1.09093,1.20,1.00
2014.02.04 13:07:37.104,1.09073,1.09088,1.05,1.00
2014.02.04 13:07:37.407,1.09086,1.09091,1.00,1.00
2014.02.04 13:07:39.909,1.09089,1.09099,1.00,1.38
2014.02.04 13:07:42.649,1.09092,1.09102,1.00,1.00
2014.02.04 13:07:42.903,1.09087,1.09102,1.50,1.00
2014.02.04 13:07:43.206,1.09079,1.09091,1.38,1.00
2014.02.04 13:07:43.257,1.09078,1.09091,1.00,1.00
2014.02.04 13:07:43.460,1.09077,1.09087,1.00,1.00
2014.02.04 13:07:45.037,1.09072,1.09087,1.00,1.00
2014.02.04 13:07:46.818,1.09076,1.09087,1.00,1.00
2014.02.04 13:07:49.351,1.09072,1.09087,1.00,1.00
2014.02.04 13:07:55.360,1.09072,1.09087,1.67,1.00
2014.02.04 13:07:55.562,1.09076,1.09087,1.50,1.00
2014.02.04 13:07:55.714,1.09072,1.09087,1.95,1.00
2014.02.04 13:07:55.917,1.09072,1.09083,1.00,1.00
2014.02.04 13:07:56.235,1.09072,1.0908,1.00,1.00
2014.02.04 13:07:57.382,1.09077,1.09086,1.00,1.38
2014.02.04 13:07:58.553,1.09077,1.09083,1.00,1.00
2014.02.04 13:07:58.655,1.09077,1.09088,1.00,1.00
2014.02.04 13:07:59.199,1.09077,1.09093,1.00,1.00
2014.02.04 13:07:59.300,1.09077,1.0909,1.00,1.00
2014.02.04 13:07:59.606,1.09082,1.0909,1.00,1.00
2014.02.04 13:07:59.707,1.09076,1.0909,1.50,1.00
2014.02.04 13:08:00.845,1.09076,1.09085,1.00,1.00
2014.02.04 13:08:01.914,1.09071,1.09085,1.18,1.00
2014.02.04 13:08:02.392,1.09071,1.09079,1.00,1.00
2014.02.04 13:08:02.793,1.09076,1.0909,1.00,1.38
2014.02.04 13:08:04.149,1.09076,1.09084,1.08,1.00
2014.02.04 13:08:04.251,1.09076,1.0909,1.08,1.38
2014.02.04 13:08:04.758,1.09077,1.0909,1.00,1.00
2014.02.04 13:08:06.388,1.09075,1.0909,1.00,1.00
2014.02.04 13:08:07.643,1.09077,1.0909,1.00,1.00
2014.02.04 13:08:11.863,1.09077,1.0909,1.08,1.00
2014.02.04 13:08:12.172,1.09087,1.09098,1.00,1.38
2014.02.04 13:08:12.557,1.09078,1.0909,2.59,1.00
2014.02.04 13:08:12.709,1.09078,1.0909,1.50,1.00
2014.02.04 13:08:13.287,1.09077,1.0909,1.00,1.00
2014.02.04 13:08:14.541,1.09079,1.0909,1.00,1.00
2014.02.04 13:08:15.056,1.09079,1.0909,1.18,1.00
2014.02.04 13:08:16.029,1.09078,1.0909,2.33,1.00
2014.02.04 13:08:16.641,1.09078,1.0909,2.25,1.00
2014.02.04 13:08:18.552,1.09079,1.0909,1.00,1.00
2014.02.04 13:08:21.112,1.09078,1.0909,2.25,1.00
2014.02.04 13:08:21.974,1.09079,1.0909,1.00,1.00
2014.02.04 13:08:22.741,1.09078,1.0909,2.40,1.00
2014.02.04 13:08:26.421,1.09081,1.0909,2.63,1.00
2014.02.04 13:08:26.782,1.09081,1.0909,3.75,1.00
2014.02.04 13:08:27.330,1.09081,1.0909,3.75,1.00
2014.02.04 13:08:28.122,1.09081,1.0909,3.83,1.00
2014.02.04 13:08:29.430,1.09081,1.09094,3.83,1.00
2014.02.04 13:08:29.481,1.09081,1.09094,3.90,1.00
2014.02.04 13:08:29.784,1.09087,1.09094,1.00,1.00
2014.02.04 13:08:31.366,1.09088,1.09101,1.38,1.38
2014.02.04 13:08:31.670,1.09089,1.09104,1.50,1.00
2014.02.04 13:08:31.772,1.0908,1.09094,1.38,1.00
2014.02.04 13:08:38.120,1.09077,1.09089,1.38,1.00
2014.02.04 13:08:38.273,1.09068,1.09089,1.28,1.00
2014.02.04 13:08:42.097,1.09072,1.09089,1.00,1.00
2014.02.04 13:08:42.199,1.09072,1.09087,1.00,1.00
2014.02.04 13:08:42.520,1.09072,1.09082,1.00,1.00
2014.02.04 13:08:43.638,1.09068,1.09082,1.15,1.00
2014.02.04 13:08:52.784,1.09072,1.09082,1.00,1.00
2014.02.04 13:08:53.009,1.09072,1.09085,1.00,1.00
2014.02.04 13:08:53.111,1.09072,1.09083,1.00,1.00
2014.02.04 13:08:53.313,1.09072,1.09088,1.38,1.13
2014.02.04 13:08:53.364,1.09072,1.09088,1.00,1.00
2014.02.04 13:08:53.568,1.09075,1.09088,1.00,1.00
2014.02.04 13:08:53.973,1.09071,1.09088,2.07,1.00
2014.02.04 13:08:54.636,1.09072,1.09088,1.00,1.00
2014.02.04 13:08:55.092,1.09068,1.09088,1.02,1.00
2014.02.04 13:08:55.596,1.09068,1.09088,1.72,1.00
2014.02.04 13:09:03.023,1.09068,1.09088,1.15,1.00
2014.02.04 13:09:03.175,1.09068,1.09088,1.18,1.00
2014.02.04 13:09:04.214,1.09068,1.09088,1.10,1.00
2014.02.04 13:09:04.834,1.09068,1.09088,1.15,1.00
2014.02.04 13:09:06.223,1.09061,1.09088,1.15,1.00
2014.02.04 13:09:06.476,1.09059,1.09087,1.15,1.00
2014.02.04 13:09:06.577,1.09058,1.09085,1.53,1.00
2014.02.04 13:09:06.628,1.09059,1.09078,1.28,1.00
2014.02.04 13:09:06.932,1.09059,1.09078,2.03,1.00
2014.02.04 13:09:09.020,1.0906,1.09078,1.15,1.00
2014.02.04 13:09:09.223,1.09059,1.09078,1.08,1.00
2014.02.04 13:09:09.274,1.09064,1.09078,1.08,1.00
2014.02.04 13:09:09.579,1.09065,1.09083,1.08,1.00
2014.02.04 13:09:09.680,1.09065,1.09083,1.00,1.00
2014.02.04 13:09:09.731,1.09064,1.09078,1.20,1.00
2014.02.04 13:09:10.187,1.09065,1.09078,1.57,1.00
2014.02.04 13:09:13.603,1.09067,1.09078,1.00,1.00
2014.02.04 13:09:13.654,1.09069,1.09083,1.38,1.00
2014.02.04 13:09:13.756,1.09065,1.09083,2.40,1.00
2014.02.04 13:09:13.959,1.09074,1.09083,1.00,1.00
2014.02.04 13:09:14.163,1.09071,1.09083,1.50,1.00
2014.02.04 13:09:14.264,1.09068,1.09083,1.48,1.00
2014.02.04 13:09:14.467,1.09068,1.09089,1.48,1.13
2014.02.04 13:09:14.978,1.09063,1.09088,2.40,1.00
2014.02.04 13:09:15.080,1.09064,1.09088,2.25,1.00
2014.02.04 13:09:15.434,1.09068,1.09089,1.77,1.00
2014.02.04 13:09:16.497,1.09068,1.09089,1.28,1.00
2014.02.04 13:09:20.823,1.09071,1.09092,1.28,1.00
2014.02.04 13:09:20.874,1.09071,1.09092,1.28,1.00
2014.02.04 13:09:23.108,1.09071,1.09094,1.28,1.00
2014.02.04 13:09:24.172,1.09073,1.09094,1.10,1.50
2014.02.04 13:09:26.093,1.09079,1.09094,1.17,1.50
2014.02.04 13:09:26.398,1.09087,1.09094,1.00,1.00
2014.02.04 13:09:26.601,1.09075,1.09089,1.00,1.00
2014.02.04 13:09:26.702,1.09075,1.09094,2.07,1.00
2014.02.04 13:09:31.349,1.09075,1.09094,1.28,1.00
2014.02.04 13:09:31.595,1.0908,1.09094,1.17,1.00
2014.02.04 13:09:31.900,1.09086,1.09094,1.00,1.00
2014.02.04 13:09:32.438,1.09084,1.09094,1.50,1.00
2014.02.04 13:09:32.489,1.09077,1.09094,1.10,1.00
2014.02.04 13:09:33.026,1.09075,1.09093,2.78,1.00
2014.02.04 13:09:34.150,1.09075,1.09094,2.78,1.00
2014.02.04 13:09:35.576,1.09075,1.09094,2.44,1.00
2014.02.04 13:09:39.140,1.09074,1.09093,1.38,1.00
2014.02.04 13:09:42.066,1.09077,1.09096,1.00,1.00
2014.02.04 13:09:42.117,1.09077,1.09096,1.79,1.00
2014.02.04 13:09:42.421,1.09086,1.09099,1.00,1.00
2014.02.04 13:09:42.933,1.0908,1.09099,1.00,1.50
2014.02.04 13:09:43.034,1.09078,1.09099,1.00,1.50
2014.02.04 13:09:43.661,1.09077,1.09099,1.00,1.50
2014.02.04 13:09:44.339,1.09078,1.09099,1.00,1.50
2014.02.04 13:09:45.363,1.09078,1.09099,1.57,1.00
2014.02.04 13:09:46.541,1.09077,1.09099,1.02,1.00
2014.02.04 13:09:46.744,1.09078,1.09099,1.00,1.00
2014.02.04 13:09:46.846,1.09075,1.09099,2.07,1.00
2014.02.04 13:09:46.897,1.09076,1.09096,1.57,1.00
2014.02.04 13:09:50.500,1.09079,1.09096,1.57,1.00
2014.02.04 13:09:52.996,1.09077,1.09096,2.14,1.00
2014.02.04 13:09:53.627,1.09077,1.09096,2.14,1.00
2014.02.04 13:09:55.395,1.09077,1.09096,1.67,1.00
2014.02.04 13:10:03.651,1.09076,1.09096,3.53,1.00
2014.02.04 13:10:03.812,1.09076,1.09096,3.53,1.00
2014.02.04 13:10:07.363,1.09076,1.09096,1.13,1.00
2014.02.04 13:10:09.810,1.09075,1.09096,1.94,1.00
2014.02.04 13:10:10.116,1.09083,1.09096,1.00,1.00
2014.02.04 13:10:10.573,1.09077,1.09091,1.38,1.00
2014.02.04 13:10:10.674,1.09077,1.09091,1.00,1.00
2014.02.04 13:10:10.780,1.09077,1.09088,1.00,1.00
2014.02.04 13:10:10.882,1.09074,1.09088,1.00,1.00
2014.02.04 13:10:10.933,1.09068,1.09092,1.15,1.00
2014.02.04 13:10:11.034,1.09068,1.09086,1.00,1.00
2014.02.04 13:10:11.287,1.09063,1.09083,1.00,1.00
2014.02.04 13:10:11.440,1.09066,1.09083,1.00,1.00
2014.02.04 13:10:11.866,1.09061,1.09083,1.47,1.00
2014.02.04 13:10:12.069,1.09062,1.09083,1.18,1.00
2014.02.04 13:10:12.433,1.09063,1.09083,1.00,1.00
2014.02.04 13:10:12.585,1.09063,1.09083,1.57,1.00
2014.02.04 13:10:12.797,1.09065,1.09083,1.00,1.00
2014.02.04 13:10:12.899,1.09063,1.09083,1.50,1.00
2014.02.04 13:10:13.001,1.09063,1.09079,1.50,1.00
2014.02.04 13:10:13.313,1.09067,1.09079,1.00,1.00
2014.02.04 13:10:14.350,1.09064,1.09079,1.57,1.00
2014.02.04 13:10:14.687,1.09069,1.09083,1.20,1.00
2014.02.04 13:10:14.788,1.09069,1.09089,1.20,1.00
2014.02.04 13:10:14.890,1.09067,1.09086,1.15,1.00
2014.02.04 13:10:15.173,1.09058,1.09082,1.28,1.00
2014.02.04 13:10:15.275,1.09058,1.09082,1.18,1.00
2014.02.04 13:10:16.050,1.09058,1.09078,1.18,1.00
2014.02.04 13:10:16.665,1.09058,1.09078,1.18,1.00
2014.02.04 13:10:17.679,1.09062,1.09078,1.00,1.00
2014.02.04 13:10:18.212,1.09058,1.09078,1.67,1.00
2014.02.04 13:10:20.920,1.09059,1.09078,1.72,1.00
2014.02.04 13:10:21.431,1.09059,1.09078,2.59,1.00
2014.02.04 13:10:23.266,1.09063,1.09078,1.15,1.00
2014.02.04 13:10:23.685,1.09071,1.09082,1.08,1.00
2014.02.04 13:10:23.792,1.0907,1.09089,1.00,1.00
2014.02.04 13:10:23.894,1.09071,1.09085,1.57,1.00
2014.02.04 13:10:24.198,1.09071,1.09085,1.67,1.00
2014.02.04 13:10:26.433,1.09071,1.09085,1.57,1.00
2014.02.04 13:10:26.636,1.09071,1.09089,2.14,1.00
2014.02.04 13:10:26.839,1.09071,1.09085,1.00,1.00
2014.02.04 13:10:26.992,1.09069,1.09085,1.50,1.00
2014.02.04 13:10:27.527,1.09068,1.09085,1.00,1.00
2014.02.04 13:10:28.044,1.09066,1.09085,2.07,1.00
2014.02.04 13:10:28.270,1.09066,1.09085,2.07,1.00
2014.02.04 13:10:29.120,1.09071,1.09085,1.57,1.00
2014.02.04 13:10:32.672,1.09064,1.09085,1.72,1.00
2014.02.04 13:10:32.774,1.09062,1.09085,1.09,1.00
2014.02.04 13:10:32.977,1.09066,1.09085,1.64,1.00
2014.02.04 13:10:48.623,1.09067,1.09089,1.65,1.00
2014.02.04 13:10:49.381,1.09067,1.09089,1.15,1.00
2014.02.04 13:10:50.629,1.09072,1.09089,1.00,1.00
2014.02.04 13:10:50.933,1.09062,1.09085,1.65,1.00
2014.02.04 13:10:51.287,1.09062,1.09085,1.65,1.00
2014.02.04 13:10:52.179,1.09062,1.09085,1.65,1.00
2014.02.04 13:10:54.313,1.09062,1.09085,1.15,1.00
2014.02.04 13:10:54.465,1.09062,1.09079,1.15,1.00
2014.02.04 13:11:02.617,1.09061,1.09079,1.20,1.00
2014.02.04 13:11:08.529,1.09061,1.09079,1.08,1.00
2014.02.04 13:11:11.637,1.09057,1.09079,1.84,1.00
2014.02.04 13:11:14.193,1.09062,1.09079,1.00,1.00
2014.02.04 13:11:14.497,1.09062,1.09073,1.00,1.00
2014.02.04 13:11:14.800,1.09062,1.09078,1.00,1.00
2014.02.04 13:11:17.699,1.09057,1.09078,1.67,1.00
2014.02.04 13:11:17.919,1.09057,1.09073,1.67,1.00
2014.02.04 13:11:20.098,1.09056,1.09073,1.57,1.00
2014.02.04 13:11:20.604,1.09056,1.09073,1.32,1.00
2014.02.04 13:11:20.757,1.09053,1.09068,1.57,1.00
2014.02.04 13:11:21.280,1.09053,1.09068,1.57,1.00
2014.02.04 13:11:21.788,1.09056,1.09068,1.32,1.00
2014.02.04 13:11:22.627,1.09051,1.09068,1.57,1.00
2014.02.04 13:11:23.040,1.09057,1.09068,1.00,1.00
2014.02.04 13:11:23.142,1.09051,1.09068,1.57,1.00
2014.02.04 13:11:24.024,1.09051,1.09068,1.57,1.38
2014.02.04 13:11:24.075,1.09051,1.09062,1.57,1.00
2014.02.04 13:11:27.147,1.09051,1.09062,1.00,1.00
2014.02.04 13:11:27.769,1.09051,1.09057,1.00,1.00
2014.02.04 13:11:31.047,1.09048,1.09057,1.57,1.00
2014.02.04 13:11:37.296,1.09048,1.09057,1.32,1.00
2014.02.04 13:11:37.456,1.09048,1.09063,1.32,1.00
2014.02.04 13:11:37.659,1.09056,1.09063,1.00,1.00
2014.02.04 13:11:37.710,1.09056,1.09066,1.00,1.00
2014.02.04 13:11:37.963,1.09052,1.09066,1.57,1.00
2014.02.04 13:11:40.057,1.09051,1.09066,1.57,1.00
2014.02.04 13:11:40.438,1.09049,1.09062,1.32,1.00
2014.02.04 13:11:40.641,1.09048,1.09062,1.38,1.00
2014.02.04 13:11:40.743,1.09047,1.09062,1.00,1.00
2014.02.04 13:11:40.948,1.09047,1.09062,1.57,1.00
2014.02.04 13:11:41.003,1.09046,1.09067,2.07,1.00
2014.02.04 13:11:43.030,1.09051,1.09067,1.00,1.00
2014.02.04 13:11:43.384,1.09046,1.09067,1.57,1.00
2014.02.04 13:11:48.245,1.09046,1.09062,1.57,1.00
2014.02.04 13:11:51.852,1.09046,1.09062,1.57,1.00
2014.02.04 13:11:52.004,1.09046,1.09065,1.77,1.00
2014.02.04 13:11:52.167,1.09051,1.09065,1.00,1.00
2014.02.04 13:11:53.160,1.09047,1.09065,1.32,1.00
2014.02.04 13:11:53.640,1.09051,1.09065,1.00,1.00
2014.02.04 13:12:01.093,1.09052,1.09065,1.32,1.00
2014.02.04 13:12:01.397,1.09047,1.09065,2.07,1.00
2014.02.04 13:12:01.859,1.09052,1.09065,1.00,1.00
2014.02.04 13:12:02.174,1.09047,1.09065,1.57,1.00
2014.02.04 13:12:02.424,1.09046,1.09065,1.00,1.00
2014.02.04 13:12:02.576,1.09046,1.09062,1.00,1.00
2014.02.04 13:12:10.805,1.09046,1.09058,1.00,1.00
2014.02.04 13:12:20.131,1.09046,1.09054,1.00,1.00
2014.02.04 13:12:24.871,1.09042,1.09054,1.00,1.00
2014.02.04 13:12:37.191,1.09047,1.09054,1.00,1.00
2014.02.04 13:12:37.989,1.09042,1.09054,1.57,1.00
2014.02.04 13:12:38.595,1.09047,1.09058,1.00,1.38
2014.02.04 13:12:39.062,1.09042,1.09054,1.57,1.00
2014.02.04 13:12:43.076,1.09042,1.09054,1.32,1.00
2014.02.04 13:12:47.145,1.09042,1.09054,1.57,1.00
2014.02.04 13:12:47.963,1.09042,1.09058,1.57,1.00
2014.02.04 13:12:48.166,1.09044,1.09058,1.92,1.00
2014.02.04 13:12:48.217,1.09049,1.09061,1.57,1.00
2014.02.04 13:12:48.369,1.09049,1.09061,1.57,1.00
2014.02.04 13:12:48.522,1.09046,1.09066,2.04,1.00
2014.02.04 13:12:54.457,1.09041,1.09061,2.22,1.00
2014.02.04 13:13:01.186,1.09041,1.09061,1.67,1.00
2014.02.04 13:13:03.937,1.09042,1.09058,1.57,1.00
2014.02.04 13:13:05.150,1.09042,1.09058,1.00,1.00
2014.02.04 13:13:05.252,1.09042,1.09051,1.00,1.00
2014.02.04 13:13:05.589,1.09036,1.09051,1.32,1.00
2014.02.04 13:13:06.349,1.09036,1.09051,1.57,1.00
2014.02.04 13:13:11.310,1.09034,1.09055,1.72,1.00
2014.02.04 13:13:11.513,1.09038,1.09055,1.15,1.00
2014.02.04 13:13:11.817,1.09047,1.09055,1.00,1.00
2014.02.04 13:13:11.969,1.09047,1.0906,1.00,1.00
2014.02.04 13:13:18.334,1.09047,1.09058,1.00,1.00
2014.02.04 13:13:19.614,1.09038,1.09058,1.57,1.00
2014.02.04 13:13:19.665,1.09037,1.09058,1.00,1.00
2014.02.04 13:13:19.767,1.09037,1.09053,1.00,1.00
2014.02.04 13:13:20.071,1.09042,1.09053,1.00,1.00
2014.02.04 13:13:20.172,1.09037,1.09053,1.18,1.00
2014.02.04 13:13:20.223,1.09037,1.09057,1.18,1.00
2014.02.04 13:13:23.321,1.09036,1.09057,1.18,1.00
2014.02.04 13:13:23.853,1.09036,1.09057,1.10,1.00
2014.02.04 13:13:25.536,1.09034,1.09057,1.15,1.00
2014.02.04 13:13:25.788,1.09036,1.09057,1.20,1.00
2014.02.04 13:13:26.279,1.09036,1.09057,1.18,1.00
2014.02.04 13:13:35.074,1.09036,1.09057,1.15,1.00
2014.02.04 13:13:51.345,1.09035,1.09057,2.22,1.00
2014.02.04 13:14:20.226,1.09037,1.09068,1.57,1.10
2014.02.04 13:14:21.377,1.09037,1.09068,1.00,1.67
2014.02.04 13:14:21.681,1.09037,1.09053,1.00,1.00
2014.02.04 13:14:29.988,1.09033,1.09053,1.74,1.00
2014.02.04 13:14:32.843,1.09036,1.09053,1.00,1.00
2014.02.04 13:14:34.496,1.09031,1.09053,1.72,1.00
2014.02.04 13:14:37.408,1.09034,1.0905,1.67,1.00
2014.02.04 13:14:40.094,1.09031,1.0905,1.57,1.00
2014.02.04 13:14:40.325,1.09027,1.0905,2.52,1.00
2014.02.04 13:14:40.527,1.09027,1.09047,2.07,1.00
2014.02.04 13:14:42.393,1.09027,1.09047,1.57,1.00
2014.02.04 13:14:44.262,1.09028,1.09043,1.57,1.00
2014.02.04 13:14:45.022,1.09027,1.09039,1.57,1.00
2014.02.04 13:14:45.556,1.09027,1.09042,1.57,1.00
2014.02.04 13:14:54.844,1.09026,1.09042,1.69,1.00
2014.02.04 13:14:57.235,1.09032,1.09046,1.57,1.00
2014.02.04 13:14:57.953,1.09032,1.09046,1.57,1.00
2014.02.04 13:15:00.298,1.09031,1.09041,1.57,1.00
2014.02.04 13:15:00.399,1.09025,1.09041,1.50,1.00
2014.02.04 13:15:00.450,1.09025,1.09037,1.50,1.00
2014.02.04 13:15:00.552,1.09018,1.09037,1.18,1.00
2014.02.04 13:15:00.654,1.09018,1.09037,1.10,1.00
2014.02.04 13:15:00.907,1.09015,1.09037,1.77,1.00
2014.02.04 13:15:01.222,1.09012,1.09037,1.65,1.00
2014.02.04 13:15:01.537,1.09011,1.09037,1.00,1.00
2014.02.04 13:15:01.588,1.09008,1.09033,2.22,1.00
2014.02.04 13:15:01.978,1.09008,1.09033,2.07,1.00
2014.02.04 13:15:02.870,1.09006,1.09027,1.74,1.00
2014.02.04 13:15:03.185,1.09012,1.09027,1.57,1.00
2014.02.04 13:15:03.286,1.09014,1.09031,1.57,1.00
2014.02.04 13:15:03.489,1.0901,1.09031,1.50,1.00
2014.02.04 13:15:03.641,1.09009,1.09026,1.10,1.00
2014.02.04 13:15:03.743,1.09007,1.09026,1.00,1.00
2014.02.04 13:15:04.272,1.09007,1.09025,1.00,1.00
2014.02.04 13:15:06.544,1.09007,1.09026,1.00,1.00
2014.02.04 13:15:12.894,1.09011,1.09026,1.00,1.00
2014.02.04 13:15:16.385,1.09007,1.09026,1.00,1.00
2014.02.04 13:15:16.487,1.09007,1.09022,1.00,1.00
2014.02.04 13:15:16.766,1.09002,1.09018,1.00,1.00
2014.02.04 13:15:16.820,1.08999,1.09018,1.50,1.00
2014.02.04 13:15:16.972,1.09001,1.09018,1.00,1.00
2014.02.04 13:15:17.377,1.08997,1.09018,1.50,1.00
2014.02.04 13:15:17.781,1.08998,1.09014,1.00,1.00
2014.02.04 13:15:20.369,1.08998,1.09012,1.00,1.00
2014.02.04 13:15:20.521,1.08998,1.09014,1.00,1.00
2014.02.04 13:15:22.515,1.08997,1.09014,1.00,1.00
2014.02.04 13:15:24.262,1.08998,1.09014,1.00,1.00
2014.02.04 13:15:24.775,1.08999,1.09014,1.00,1.00
2014.02.04 13:15:26.145,1.08998,1.09014,1.50,1.00
2014.02.04 13:15:26.810,1.08999,1.09014,1.00,1.00
2014.02.04 13:15:27.681,1.08999,1.09018,1.50,1.00
2014.02.04 13:15:28.206,1.08998,1.09018,1.50,1.00
2014.02.04 13:15:28.707,1.08999,1.09018,1.50,1.00
2014.02.04 13:15:30.490,1.08998,1.09018,1.50,1.50
2014.02.04 13:15:30.592,1.09002,1.09018,1.00,1.00
2014.02.04 13:15:30.898,1.08999,1.09015,1.00,1.50
2014.02.04 13:15:31.283,1.09002,1.09017,1.15,1.00
2014.02.04 13:15:31.443,1.09005,1.09023,1.72,1.00
2014.02.04 13:15:31.981,1.09004,1.09024,1.50,1.00
2014.02.04 13:15:32.523,1.09005,1.09024,1.00,1.00
2014.02.04 13:15:33.073,1.09004,1.09024,1.00,1.00
2014.02.04 13:15:34.516,1.09009,1.09027,1.00,1.00
2014.02.04 13:15:34.820,1.09007,1.09027,1.47,1.00
2014.02.04 13:15:35.341,1.09005,1.09027,1.72,1.00
2014.02.04 13:15:35.595,1.09005,1.09027,1.72,1.00
2014.02.04 13:15:36.224,1.09005,1.09027,1.72,1.00
2014.02.04 13:15:37.007,1.09008,1.09027,1.15,1.00
2014.02.04 13:15:37.489,1.09007,1.09023,1.39,1.00
2014.02.04 13:15:37.541,1.09005,1.09023,1.57,1.00
2014.02.04 13:15:37.592,1.09005,1.09023,1.00,1.00
2014.02.04 13:15:37.795,1.09002,1.09023,1.15,1.00
2014.02.04 13:15:38.775,1.09005,1.09023,1.00,1.00
2014.02.04 13:15:39.319,1.09006,1.09023,1.00,1.00
2014.02.04 13:15:40.455,1.09005,1.09023,1.00,1.00
2014.02.04 13:15:40.961,1.09006,1.09023,1.00,1.00
2014.02.04 13:15:41.897,1.09005,1.09023,1.00,1.00
2014.02.04 13:15:42.520,1.09006,1.09023,1.00,1.00
2014.02.04 13:15:43.039,1.09003,1.09023,1.00,1.00
2014.02.04 13:15:45.687,1.09002,1.09023,1.00,1.00
2014.02.04 13:15:46.769,1.09003,1.09023,1.00,1.00
2014.02.04 13:15:47.336,1.09003,1.09018,1.00,1.00
2014.02.04 13:15:49.185,1.09,1.09018,1.00,1.00
2014.02.04 13:15:49.983,1.08999,1.09018,2.14,1.00
2014.02.04 13:15:50.490,1.08997,1.09018,2.70,1.00
2014.02.04 13:15:50.693,1.09,1.09018,1.00,1.00
2014.02.04 13:15:50.896,1.08997,1.09016,1.50,1.00
2014.02.04 13:15:51.415,1.08997,1.09013,1.50,1.00
2014.02.04 13:15:52.182,1.08998,1.09013,1.00,1.50
2014.02.04 13:15:54.154,1.08998,1.09009,1.00,1.00
2014.02.04 13:15:54.356,1.08993,1.09009,1.50,1.00
2014.02.04 13:15:54.407,1.08993,1.09012,1.50,1.00
2014.02.04 13:15:54.610,1.09002,1.09011,1.00,1.00
2014.02.04 13:15:54.822,1.09002,1.09013,1.00,1.00
2014.02.04 13:15:54.974,1.09002,1.09017,1.00,1.00
2014.02.04 13:15:55.177,1.08998,1.09017,1.00,1.00
2014.02.04 13:15:55.703,1.08997,1.09017,1.10,1.00
2014.02.04 13:15:56.684,1.08997,1.09014,1.00,1.00
2014.02.04 13:15:56.888,1.08997,1.09017,1.00,1.00
2014.02.04 13:15:57.091,1.08995,1.09017,1.00,1.00
2014.02.04 13:15:57.313,1.08995,1.09013,1.00,1.00
2014.02.04 13:15:58.535,1.08995,1.09013,1.58,1.00
2014.02.04 13:15:58.637,1.08995,1.09017,1.65,1.00
2014.02.04 13:15:59.421,1.08995,1.09014,2.40,1.00
2014.02.04 13:16:00.198,1.08995,1.09017,1.65,1.00
2014.02.04 13:16:00.969,1.08997,1.09017,1.00,1.00
2014.02.04 13:16:01.764,1.08998,1.09017,1.00,1.00
2014.02.04 13:16:04.134,1.08997,1.09017,1.00,1.00
2014.02.04 13:16:04.788,1.08998,1.09017,1.00,1.00
2014.02.04 13:16:05.596,1.08997,1.09017,1.00,1.00
2014.02.04 13:16:06.772,1.08998,1.09017,1.00,1.00
2014.02.04 13:16:07.494,1.08997,1.09017,1.00,1.00
2014.02.04 13:16:08.162,1.08998,1.09017,1.00,1.00
2014.02.04 13:16:08.774,1.08997,1.09017,1.00,1.00
2014.02.04 13:16:09.275,1.08998,1.09017,1.00,1.00
2014.02.04 13:16:16.180,1.08998,1.09017,1.15,1.00
2014.02.04 13:16:18.115,1.08997,1.09017,1.08,1.00
2014.02.04 13:16:19.388,1.09001,1.09017,1.00,1.00
2014.02.04 13:16:19.693,1.09003,1.09017,1.58,1.00
2014.02.04 13:16:19.947,1.08996,1.09017,1.08,1.00
2014.02.04 13:16:20.049,1.08996,1.09017,1.13,1.00
2014.02.04 13:16:22.367,1.08996,1.09017,1.57,1.00
2014.02.04 13:16:31.822,1.08999,1.09017,1.67,1.00
2014.02.04 13:16:32.176,1.09003,1.09024,2.22,1.88
2014.02.04 13:16:32.698,1.09,1.09024,1.72,1.00
2014.02.04 13:16:33.460,1.09,1.09019,1.72,1.00
2014.02.04 13:16:33.563,1.09001,1.09019,1.32,1.00
2014.02.04 13:16:35.433,1.09,1.09019,1.64,1.00
2014.02.04 13:16:35.484,1.09001,1.09024,1.39,1.00
2014.02.04 13:16:36.448,1.09001,1.0902,1.47,1.00
2014.02.04 13:16:36.600,1.09,1.0902,1.72,1.00
2014.02.04 13:16:40.564,1.09,1.0902,1.10,1.00
2014.02.04 13:16:41.276,1.09001,1.0902,1.00,1.00
2014.02.04 13:16:43.023,1.09,1.09024,1.18,1.00
2014.02.04 13:16:43.377,1.09001,1.09019,1.47,1.00
2014.02.04 13:16:51.136,1.08999,1.09019,1.32,1.00
2014.02.04 13:16:51.187,1.08999,1.09023,1.32,1.00
2014.02.04 13:16:51.306,1.09,1.09023,1.08,1.00
2014.02.04 13:16:51.458,1.09,1.09023,1.20,1.00
2014.02.04 13:16:51.509,1.09,1.09019,1.20,1.00
2014.02.04 13:16:51.813,1.09001,1.09018,1.15,1.00
2014.02.04 13:16:52.116,1.09001,1.09018,1.15,1.00
2014.02.04 13:16:52.167,1.09,1.09023,1.15,1.00
2014.02.04 13:16:52.975,1.09,1.09023,1.15,1.00
2014.02.04 13:16:54.759,1.09001,1.09023,1.08,1.00
2014.02.04 13:16:55.727,1.09001,1.09023,1.08,1.00
2014.02.04 13:16:56.720,1.09001,1.09023,1.10,1.00
2014.02.04 13:16:58.142,1.09001,1.0902,1.15,1.00
2014.02.04 13:16:58.244,1.09001,1.09023,1.15,1.00
2014.02.04 13:17:00.029,1.09001,1.09023,1.00,1.00
2014.02.04 13:17:00.817,1.09,1.09023,1.10,1.00
2014.02.04 13:17:01.519,1.09,1.09023,1.18,1.00
2014.02.04 13:17:01.570,1.09001,1.09023,1.18,1.00
2014.02.04 13:17:02.087,1.09004,1.09023,1.00,1.00
2014.02.04 13:17:02.644,1.09003,1.09023,1.58,1.00
2014.02.04 13:17:03.220,1.09004,1.09023,1.00,1.00
2014.02.04 13:17:03.959,1.09008,1.09023,1.00,1.00
2014.02.04 13:17:04.163,1.09011,1.09031,1.08,1.00
2014.02.04 13:17:04.214,1.0901,1.09033,1.18,1.50
2014.02.04 13:17:04.266,1.0901,1.09029,1.18,1.00
2014.02.04 13:17:04.520,1.09008,1.09033,1.72,1.00
2014.02.04 13:17:04.571,1.09008,1.09033,1.72,1.00
2014.02.04 13:17:05.489,1.09009,1.09033,1.72,1.00
2014.02.04 13:17:21.194,1.09013,1.09033,1.00,1.00
2014.02.04 13:17:21.397,1.09009,1.09033,1.65,1.00
2014.02.04 13:17:21.499,1.09009,1.09033,1.15,1.00
2014.02.04 13:17:21.702,1.09007,1.09033,1.15,1.00
2014.02.04 13:17:22.451,1.09007,1.09033,1.15,1.00
2014.02.04 13:17:22.553,1.09007,1.09028,1.15,1.00
2014.02.04 13:17:29.774,1.09004,1.09028,3.72,1.00
2014.02.04 13:17:29.980,1.0901,1.09028,1.50,1.00
2014.02.04 13:17:30.031,1.09011,1.09032,1.00,1.00
2014.02.04 13:17:30.082,1.09014,1.09032,1.02,1.00
2014.02.04 13:17:30.133,1.09015,1.09036,1.02,1.00
2014.02.04 13:17:30.184,1.09015,1.09036,1.64,1.00
2014.02.04 13:17:30.235,1.09022,1.09036,1.00,1.00
2014.02.04 13:17:30.337,1.09015,1.09036,1.67,1.00
2014.02.04 13:17:30.844,1.09015,1.09036,1.67,1.00
2014.02.04 13:17:31.455,1.09015,1.09039,1.72,1.00
2014.02.04 13:17:34.456,1.09019,1.09039,1.15,1.00
2014.02.04 13:17:34.760,1.09028,1.09044,1.00,1.00
2014.02.04 13:17:35.441,1.09029,1.09044,1.00,1.00
2014.02.04 13:17:36.055,1.09028,1.09044,1.00,1.00
2014.02.04 13:17:36.309,1.09029,1.09047,1.10,1.00
2014.02.04 13:17:37.524,1.09028,1.09047,1.00,1.00
2014.02.04 13:17:37.626,1.09029,1.09044,1.00,1.00
2014.02.04 13:17:38.138,1.09028,1.09044,1.00,1.00
2014.02.04 13:17:38.774,1.09029,1.09044,1.00,1.00
2014.02.04 13:17:39.487,1.09028,1.09044,1.00,1.00
2014.02.04 13:17:40.045,1.09029,1.09044,1.00,1.00
2014.02.04 13:17:41.576,1.09029,1.09047,1.10,1.00
2014.02.04 13:17:46.104,1.0902,1.09047,1.15,1.00
2014.02.04 13:17:46.206,1.0902,1.09045,1.15,1.00
2014.02.04 13:17:53.402,1.09027,1.09045,1.00,1.00
2014.02.04 13:17:53.453,1.09028,1.09049,1.00,1.50
2014.02.04 13:17:53.605,1.09022,1.09049,1.40,1.50
2014.02.04 13:17:54.111,1.09021,1.09048,1.84,1.00
2014.02.04 13:17:54.264,1.09021,1.09048,2.59,1.00
2014.02.04 13:17:54.709,1.09021,1.09048,1.84,1.00
2014.02.04 13:17:55.661,1.09021,1.09044,1.28,1.00
2014.02.04 13:17:59.176,1.09021,1.09044,1.28,1.00
2014.02.04 13:17:59.227,1.0902,1.09044,1.53,1.00
2014.02.04 13:17:59.937,1.09021,1.0904,1.28,1.00
2014.02.04 13:18:00.461,1.09017,1.0904,2.03,1.00
2014.02.04 13:18:05.979,1.09018,1.09042,1.65,1.00
2014.02.04 13:18:06.030,1.09018,1.09042,1.65,1.00
2014.02.04 13:18:06.618,1.09018,1.09042,1.65,1.00
2014.02.04 13:18:10.564,1.09018,1.09042,1.65,1.00
2014.02.04 13:18:11.176,1.09018,1.09042,2.40,1.00
2014.02.04 13:18:11.489,1.09018,1.09042,2.78,1.00
2014.02.04 13:18:14.421,1.09021,1.09042,1.15,1.00
2014.02.04 13:18:14.958,1.09021,1.09043,1.65,1.00
2014.02.04 13:18:15.814,1.09021,1.09047,1.15,1.00
2014.02.04 13:18:21.191,1.09021,1.09047,1.65,1.00
2014.02.04 13:18:21.242,1.09021,1.09047,1.15,1.00
2014.02.04 13:18:21.293,1.09021,1.09044,1.15,1.00
2014.02.04 13:18:22.506,1.09024,1.09044,1.08,1.00
2014.02.04 13:18:22.658,1.09024,1.09046,1.74,1.00
2014.02.04 13:18:22.760,1.09025,1.09046,3.34,1.00
2014.02.04 13:18:23.013,1.09029,1.09046,2.22,1.00
2014.02.04 13:18:23.217,1.09032,1.09043,1.00,1.00
2014.02.04 13:18:23.318,1.09023,1.09043,1.65,1.00
2014.02.04 13:18:23.420,1.09024,1.09046,1.72,1.00
2014.02.04 13:18:23.521,1.09026,1.09046,1.15,1.00
2014.02.04 13:18:23.673,1.09026,1.09046,1.00,1.00
2014.02.04 13:18:23.724,1.09026,1.09042,1.00,1.00
2014.02.04 13:18:24.263,1.09025,1.09042,1.32,1.00
2014.02.04 13:18:24.501,1.09022,1.09042,1.00,1.00
2014.02.04 13:18:25.015,1.09022,1.09042,1.15,1.00
2014.02.04 13:18:25.116,1.09021,1.09042,1.10,1.00
2014.02.04 13:18:25.934,1.09021,1.09042,1.15,1.00
2014.02.04 13:18:26.035,1.09022,1.09047,1.15,1.00
2014.02.04 13:18:27.328,1.09021,1.09044,1.15,1.00
2014.02.04 13:18:27.379,1.09022,1.09044,1.08,1.00
2014.02.04 13:18:30.230,1.09022,1.09044,1.00,1.00
2014.02.04 13:18:30.772,1.09019,1.09044,1.18,1.00
2014.02.04 13:18:39.555,1.09018,1.09044,1.15,1.00
2014.02.04 13:18:40.075,1.09018,1.09044,1.65,1.00
2014.02.04 13:18:40.598,1.09024,1.09044,1.15,1.00
2014.02.04 13:18:40.924,1.09027,1.09048,1.15,1.00
2014.02.04 13:18:41.177,1.09027,1.09051,1.15,1.00
2014.02.04 13:18:41.712,1.09026,1.09051,1.65,1.00
2014.02.04 13:18:44.076,1.09026,1.09051,1.65,1.00
2014.02.04 13:18:44.702,1.09029,1.09054,1.15,1.50
2014.02.04 13:18:44.753,1.09029,1.09054,1.15,1.50
2014.02.04 13:18:46.514,1.09028,1.09054,1.15,1.50
2014.02.04 13:18:48.921,1.09027,1.09054,1.15,1.50
2014.02.04 13:18:49.022,1.09027,1.09052,1.15,1.00
2014.02.04 13:18:49.787,1.09027,1.09052,1.08,1.00
2014.02.04 13:18:49.889,1.09027,1.09048,1.00,1.00
2014.02.04 13:18:50.446,1.09025,1.09048,1.15,1.00
2014.02.04 13:18:50.978,1.09025,1.09048,1.15,1.00
2014.02.04 13:18:51.516,1.09025,1.09048,1.15,1.00
2014.02.04 13:18:55.793,1.09026,1.09048,2.97,1.00
2014.02.04 13:18:55.844,1.09026,1.09053,2.97,1.00
2014.02.04 13:18:56.258,1.09029,1.09053,1.65,1.00
2014.02.04 13:18:57.479,1.09029,1.09053,1.15,1.00
2014.02.04 13:18:58.039,1.09029,1.09048,1.00,1.00
2014.02.04 13:18:58.546,1.09028,1.09048,1.39,1.00
2014.02.04 13:19:01.635,1.09028,1.09048,2.22,1.00
2014.02.04 13:19:01.999,1.0903,1.09056,1.18,1.00
2014.02.04 13:19:02.050,1.0903,1.09056,1.15,1.00
2014.02.04 13:19:02.841,1.0903,1.09056,1.15,1.00
2014.02.04 13:19:04.051,1.09033,1.09056,2.22,1.00
2014.02.04 13:19:04.587,1.0904,1.09056,1.57,1.00
2014.02.04 13:19:06.248,1.09044,1.09056,1.00,1.00
2014.02.04 13:19:06.402,1.09042,1.09056,1.00,1.00
2014.02.04 13:19:07.161,1.0904,1.09056,2.82,1.00
2014.02.04 13:19:07.481,1.09035,1.09056,1.53,1.00
2014.02.04 13:19:07.583,1.09034,1.09056,1.47,1.00
2014.02.04 13:19:07.939,1.09034,1.09056,1.47,1.00
2014.02.04 13:19:08.393,1.09037,1.09056,1.65,1.00
2014.02.04 13:19:08.911,1.09042,1.09056,1.00,1.00
2014.02.04 13:19:09.027,1.0904,1.09056,1.69,1.00
2014.02.04 13:19:09.129,1.09042,1.09056,1.00,1.00
2014.02.04 13:19:10.002,1.0904,1.09056,2.52,1.00
2014.02.04 13:19:10.440,1.09041,1.09061,1.00,1.13
2014.02.04 13:19:10.592,1.09045,1.09061,1.00,1.00
2014.02.04 13:19:10.896,1.09052,1.09064,1.00,1.00
2014.02.04 13:19:11.568,1.09051,1.09064,2.07,1.00
2014.02.04 13:19:11.771,1.09045,1.09064,1.57,1.00
2014.02.04 13:19:11.974,1.09046,1.09059,1.32,1.00
2014.02.04 13:19:12.094,1.09046,1.09062,1.32,1.00
2014.02.04 13:19:17.151,1.09043,1.09062,1.57,1.00
2014.02.04 13:19:24.652,1.09043,1.09062,1.02,1.00
2014.02.04 13:19:24.754,1.09047,1.09066,1.77,1.00
2014.02.04 13:19:25.008,1.09045,1.09066,1.47,1.00
2014.02.04 13:19:25.160,1.09044,1.09066,1.58,1.00
2014.02.04 13:19:26.139,1.09041,1.09066,1.15,1.00
2014.02.04 13:19:26.708,1.09041,1.09066,1.15,1.00
2014.02.04 13:19:27.011,1.09044,1.09066,1.72,1.00
2014.02.04 13:19:27.537,1.09047,1.09066,1.15,1.00
2014.02.04 13:19:27.841,1.09048,1.09066,1.10,1.00
2014.02.04 13:19:28.346,1.09049,1.09066,1.00,1.00
2014.02.04 13:19:28.575,1.09049,1.0907,1.00,1.00
2014.02.04 13:19:29.124,1.09048,1.0907,1.15,1.00
2014.02.04 13:19:34.471,1.09048,1.09074,1.65,1.00
2014.02.04 13:19:34.522,1.09048,1.09074,1.65,1.00
2014.02.04 13:19:35.319,1.09048,1.09074,1.65,1.00
2014.02.04 13:19:46.220,1.09063,1.0908,1.00,1.13
2014.02.04 13:19:46.526,1.09073,1.09078,1.00,1.00
2014.02.04 13:19:46.678,1.09069,1.09084,1.10,1.00
2014.02.04 13:19:46.882,1.09064,1.0908,1.50,1.00
2014.02.04 13:19:47.084,1.09067,1.09076,1.00,1.00
2014.02.04 13:19:47.186,1.09062,1.09076,1.00,1.00
2014.02.04 13:19:47.237,1.09062,1.09081,1.10,1.00
2014.02.04 13:19:50.919,1.09065,1.09081,1.00,1.00
2014.02.04 13:19:51.224,1.09063,1.09078,1.18,1.00
2014.02.04 13:19:51.910,1.09064,1.09081,1.10,1.00
2014.02.04 13:19:52.139,1.09062,1.09079,1.15,1.00
2014.02.04 13:19:52.190,1.09061,1.09079,1.10,1.00
2014.02.04 13:19:52.292,1.09056,1.09077,1.65,1.00
2014.02.04 13:19:52.798,1.09055,1.09077,2.40,1.00
2014.02.04 13:19:55.861,1.09057,1.09077,1.20,1.00
2014.02.04 13:19:56.697,1.09056,1.09077,2.03,1.00
2014.02.04 13:19:56.799,1.09056,1.09077,1.65,1.00
2014.02.04 13:20:01.118,1.09056,1.09077,1.08,1.00
2014.02.04 13:20:01.169,1.09056,1.09073,1.00,1.00
2014.02.04 13:20:01.220,1.0905,1.09073,1.15,1.00
2014.02.04 13:20:01.271,1.09049,1.09069,2.03,1.00
2014.02.04 13:20:01.372,1.09049,1.09069,1.88,1.00
2014.02.04 13:20:01.575,1.09049,1.09069,1.58,1.00
2014.02.04 13:20:01.984,1.09056,1.09069,1.00,1.00
2014.02.04 13:20:02.086,1.09052,1.09074,1.15,1.00
2014.02.04 13:20:02.339,1.09058,1.09074,1.00,1.00
2014.02.04 13:20:02.390,1.09058,1.09079,1.50,1.00
2014.02.04 13:20:02.595,1.09059,1.09079,1.74,1.00
2014.02.04 13:20:02.900,1.09061,1.09079,2.03,1.00
2014.02.04 13:20:03.564,1.09063,1.09079,1.00,1.00
2014.02.04 13:20:04.547,1.09058,1.09079,1.10,1.00
2014.02.04 13:20:05.403,1.09058,1.09079,1.15,1.00
2014.02.04 13:20:05.707,1.09064,1.09079,1.00,1.00
2014.02.04 13:20:06.258,1.09065,1.09079,1.50,1.00
2014.02.04 13:20:06.461,1.09065,1.09085,2.40,1.38
2014.02.04 13:20:06.995,1.09066,1.09085,1.58,1.00
2014.02.04 13:20:07.805,1.09066,1.0908,2.33,1.00
2014.02.04 13:20:08.060,1.09065,1.0908,1.00,1.00
2014.02.04 13:20:08.572,1.09063,1.0908,1.10,1.00
2014.02.04 13:20:09.783,1.09061,1.0908,1.65,1.00
2014.02.04 13:20:11.529,1.09066,1.09085,1.58,1.00
2014.02.04 13:20:11.631,1.09065,1.09082,1.48,1.00
2014.02.04 13:20:11.935,1.09063,1.09082,1.38,1.00
2014.02.04 13:20:11.986,1.09063,1.09082,1.00,1.00
2014.02.04 13:20:12.350,1.09065,1.09082,1.00,1.00
2014.02.04 13:20:12.502,1.09063,1.09082,1.00,1.00
2014.02.04 13:20:12.603,1.09062,1.09078,1.10,1.00
2014.02.04 13:20:13.313,1.09059,1.09078,1.08,1.00
2014.02.04 13:20:13.667,1.09054,1.09078,1.15,1.00
2014.02.04 13:20:13.718,1.09054,1.09074,1.08,1.00
2014.02.04 13:20:13.769,1.09051,1.09074,1.55,1.00
2014.02.04 13:20:14.943,1.09056,1.09074,1.00,1.00
2014.02.04 13:20:15.146,1.09051,1.09074,1.18,1.00
2014.02.04 13:20:18.700,1.09055,1.09074,1.08,1.00
2014.02.04 13:20:19.207,1.09048,1.09074,2.40,1.00
2014.02.04 13:20:20.764,1.09051,1.09074,1.15,1.00
2014.02.04 13:20:21.264,1.09049,1.09074,1.53,1.00
2014.02.04 13:20:22.481,1.09054,1.09074,1.00,1.00
2014.02.04 13:20:22.532,1.09054,1.09077,1.08,1.00
2014.02.04 13:20:22.836,1.09051,1.09072,1.08,1.00
2014.02.04 13:20:22.937,1.09053,1.09075,1.58,1.00
2014.02.04 13:20:23.294,1.09053,1.09075,1.65,1.00
2014.02.04 13:20:23.407,1.09053,1.09075,1.58,1.00
2014.02.04 13:20:23.509,1.09053,1.09072,1.58,1.00
2014.02.04 13:20:26.522,1.09052,1.09072,1.08,1.00
2014.02.04 13:20:26.573,1.09052,1.09072,1.50,1.00
2014.02.04 13:20:27.117,1.09052,1.09078,1.50,1.13
2014.02.04 13:20:27.631,1.09049,1.09078,2.22,1.00
2014.02.04 13:20:27.683,1.09049,1.09078,2.22,1.38
2014.02.04 13:20:27.987,1.09051,1.09073,1.28,1.00
2014.02.04 13:20:28.037,1.09051,1.09078,1.28,1.00
2014.02.04 13:20:29.049,1.09051,1.09078,1.18,1.00
2014.02.04 13:20:29.100,1.09051,1.09078,1.20,1.00
2014.02.04 13:20:29.202,1.09048,1.09077,1.00,1.00
2014.02.04 13:20:29.253,1.09048,1.09072,1.00,1.00
2014.02.04 13:20:29.557,1.09047,1.09068,1.00,1.00
2014.02.04 13:20:30.101,1.09045,1.09068,1.20,1.00
2014.02.04 13:20:30.203,1.09048,1.09071,1.00,1.00
2014.02.04 13:20:30.719,1.09047,1.09071,1.00,1.00
2014.02.04 13:20:31.599,1.09048,1.09071,1.00,1.00
2014.02.04 13:20:32.263,1.09047,1.09071,1.00,1.00
2014.02.04 13:20:32.812,1.09048,1.09071,1.00,1.00
2014.02.04 13:20:33.466,1.09047,1.09071,1.00,1.00
2014.02.04 13:20:34.128,1.09048,1.09071,1.00,1.00
2014.02.04 13:20:34.810,1.09047,1.09071,1.00,1.00
2014.02.04 13:20:35.481,1.09048,1.09071,1.00,1.00
2014.02.04 13:20:36.356,1.09047,1.09071,1.00,1.00
2014.02.04 13:20:36.922,1.09048,1.09071,1.00,1.00
2014.02.04 13:20:37.613,1.09047,1.09071,1.00,1.00
2014.02.04 13:20:38.287,1.09048,1.09071,1.00,1.00
2014.02.04 13:20:38.965,1.09047,1.09071,1.00,1.00
2014.02.04 13:20:39.292,1.09061,1.09074,1.00,1.00
2014.02.04 13:20:39.496,1.09062,1.09076,2.25,1.00
2014.02.04 13:20:39.598,1.09062,1.0908,2.25,1.00
2014.02.04 13:20:39.700,1.09057,1.0908,1.00,1.00
2014.02.04 13:20:39.801,1.09057,1.09074,1.00,1.00
2014.02.04 13:20:40.204,1.09047,1.09072,1.00,1.00
2014.02.04 13:20:40.636,1.09051,1.09072,1.00,1.00
2014.02.04 13:20:41.872,1.09057,1.09072,1.00,1.00
2014.02.04 13:20:42.863,1.09051,1.09072,1.00,1.00
2014.02.04 13:20:45.492,1.09051,1.09077,1.20,1.00
2014.02.04 13:20:45.931,1.0906,1.09077,1.00,1.00
2014.02.04 13:20:46.720,1.09061,1.09077,1.00,1.00
2014.02.04 13:20:48.191,1.0906,1.09077,1.00,1.00
2014.02.04 13:20:49.113,1.09061,1.09077,1.00,1.00
2014.02.04 13:20:49.318,1.09057,1.09077,1.00,1.00
2014.02.04 13:20:49.592,1.09061,1.09077,1.00,1.00
2014.02.04 13:20:50.142,1.0906,1.09077,1.00,1.00
2014.02.04 13:20:50.648,1.09061,1.09077,1.00,1.00
2014.02.04 13:20:51.023,1.09062,1.09081,1.00,1.00
2014.02.04 13:20:51.176,1.0906,1.09081,1.50,1.00
2014.02.04 13:20:51.329,1.0906,1.09077,1.00,1.00
2014.02.04 13:20:51.893,1.09061,1.09077,1.00,1.00
2014.02.04 13:20:52.204,1.09061,1.0908,1.00,1.50
2014.02.04 13:20:52.456,1.09061,1.09085,1.00,1.00
2014.02.04 13:20:52.558,1.09061,1.0908,1.00,1.00
2014.02.04 13:20:53.366,1.09059,1.0908,1.00,1.00
2014.02.04 13:20:55.175,1.09061,1.0908,1.00,1.00
2014.02.04 13:20:55.909,1.09059,1.0908,1.00,1.00
2014.02.04 13:20:56.889,1.09063,1.0908,1.50,1.00
2014.02.04 13:20:57.206,1.09064,1.09078,1.00,1.00
2014.02.04 13:20:57.708,1.09065,1.09078,1.00,1.00
2014.02.04 13:20:58.942,1.09064,1.09078,2.25,1.00
2014.02.04 13:20:59.624,1.09065,1.09078,1.00,1.00
2014.02.04 13:21:00.564,1.09064,1.09078,2.25,1.00
2014.02.04 13:21:01.101,1.09061,1.09078,1.00,1.00
2014.02.04 13:21:01.633,1.09062,1.09078,1.00,1.00
2014.02.04 13:21:02.428,1.09062,1.09081,1.50,1.00
2014.02.04 13:21:02.581,1.09068,1.09081,1.17,1.00
2014.02.04 13:21:02.885,1.09081,1.09094,2.25,1.00
2014.02.04 13:21:02.987,1.09072,1.09088,1.50,1.00
2014.02.04 13:21:03.088,1.09072,1.09083,1.00,1.00
2014.02.04 13:21:03.341,1.09075,1.09087,1.00,1.00
2014.02.04 13:21:03.484,1.09075,1.09081,1.00,1.00
2014.02.04 13:21:03.618,1.09072,1.09081,1.00,1.00
2014.02.04 13:21:05.337,1.09071,1.09081,1.00,1.00
2014.02.04 13:21:05.933,1.09072,1.09081,1.00,1.00
2014.02.04 13:21:06.034,1.09067,1.09081,1.00,1.00
2014.02.04 13:21:06.299,1.09067,1.09075,1.00,1.00
2014.02.04 13:21:10.436,1.09064,1.09075,1.50,1.00
2014.02.04 13:21:10.791,1.09064,1.0908,1.00,1.00
2014.02.04 13:21:10.843,1.09066,1.0908,1.00,1.00
2014.02.04 13:21:11.147,1.09072,1.0908,1.00,1.00
2014.02.04 13:21:12.629,1.09076,1.0908,1.00,1.00
2014.02.04 13:21:13.398,1.09072,1.0908,1.00,1.00
2014.02.04 13:21:13.550,1.09078,1.09086,1.00,1.38
2014.02.04 13:21:14.129,1.09077,1.09086,1.00,1.38
2014.02.04 13:21:15.080,1.09078,1.09086,1.00,1.38
2014.02.04 13:21:15.286,1.09068,1.0908,1.00,1.00
2014.02.04 13:21:15.337,1.09063,1.0908,1.00,1.00
2014.02.04 13:21:15.539,1.09063,1.09075,1.00,1.00
2014.02.04 13:21:20.197,1.09061,1.09075,1.00,1.00
2014.02.04 13:21:21.433,1.0906,1.09075,1.00,1.00
2014.02.04 13:21:22.318,1.09067,1.09075,1.00,1.00
2014.02.04 13:21:28.339,1.09071,1.09075,1.00,1.00
2014.02.04 13:21:28.846,1.09071,1.0908,1.00,1.00
2014.02.04 13:21:29.532,1.09067,1.0908,1.00,1.00
2014.02.04 13:21:29.787,1.09071,1.0908,1.00,1.00
2014.02.04 13:21:30.680,1.09066,1.0908,1.00,1.00
2014.02.04 13:21:32.149,1.09072,1.0908,1.00,1.00
2014.02.04 13:21:34.460,1.09067,1.0908,1.00,1.00
2014.02.04 13:21:35.485,1.09072,1.0908,1.00,1.00
2014.02.04 13:21:38.089,1.09061,1.0908,1.00,1.00
2014.02.04 13:21:38.748,1.09061,1.09076,1.00,1.00
2014.02.04 13:21:38.850,1.09061,1.0908,1.50,1.00
2014.02.04 13:21:38.902,1.09067,1.0908,1.00,1.00
2014.02.04 13:21:39.320,1.09065,1.0908,1.00,1.00
2014.02.04 13:21:40.633,1.09067,1.0908,1.00,1.00
2014.02.04 13:21:41.008,1.09072,1.0908,1.00,1.00
2014.02.04 13:21:44.603,1.09071,1.0908,1.50,1.00
2014.02.04 13:21:45.319,1.09072,1.0908,1.00,1.00
2014.02.04 13:21:46.392,1.09074,1.0908,1.17,1.00
2014.02.04 13:21:46.695,1.0908,1.09091,2.25,1.00
2014.02.04 13:21:46.746,1.09084,1.09091,1.00,1.00
2014.02.04 13:21:47.654,1.09083,1.09091,1.00,1.00
2014.02.04 13:21:48.160,1.09084,1.09091,1.00,1.00
2014.02.04 13:21:48.211,1.09069,1.09091,1.53,1.00
2014.02.04 13:21:48.313,1.09066,1.09091,1.00,1.00
2014.02.04 13:21:48.415,1.09066,1.09083,1.00,1.00
2014.02.04 13:21:48.516,1.09065,1.09089,1.50,1.00
2014.02.04 13:21:48.668,1.09065,1.09084,1.65,1.00
2014.02.04 13:21:51.555,1.09065,1.09084,1.50,1.00
2014.02.04 13:21:52.057,1.09066,1.09084,1.00,1.00
2014.02.04 13:21:52.565,1.09065,1.09084,1.00,1.00
2014.02.04 13:21:53.212,1.09066,1.09084,1.00,1.00
2014.02.04 13:21:53.730,1.09065,1.09084,1.00,1.00
2014.02.04 13:21:54.042,1.09077,1.09084,1.00,1.00
2014.02.04 13:21:54.924,1.09076,1.09084,1.00,1.00
2014.02.04 13:21:55.228,1.09084,1.09094,1.00,1.38
2014.02.04 13:21:55.360,1.09084,1.09092,1.00,1.00
2014.02.04 13:21:55.461,1.09081,1.09092,1.00,1.00
2014.02.04 13:21:55.563,1.09077,1.09092,1.00,1.00
2014.02.04 13:21:55.614,1.09077,1.09089,1.00,1.00
2014.02.04 13:21:55.968,1.09072,1.09089,1.00,1.00
2014.02.04 13:21:56.172,1.09072,1.09095,1.00,1.00
2014.02.04 13:21:56.326,1.09068,1.09095,1.00,1.00
2014.02.04 13:21:56.530,1.09068,1.09093,1.00,1.00
2014.02.04 13:21:59.138,1.09068,1.09096,1.00,1.50
2014.02.04 13:21:59.820,1.09068,1.09095,1.00,1.00
2014.02.04 13:21:59.871,1.09071,1.09095,1.57,1.00
2014.02.04 13:22:00.181,1.09083,1.09095,1.00,1.00
2014.02.04 13:22:00.232,1.09073,1.09098,2.33,1.00
2014.02.04 13:22:00.554,1.09072,1.09099,1.00,1.50
2014.02.04 13:22:01.152,1.09073,1.09098,1.00,1.00
2014.02.04 13:22:01.806,1.09077,1.09098,1.00,1.00
2014.02.04 13:22:01.985,1.09074,1.09096,1.50,1.00
2014.02.04 13:22:02.488,1.09075,1.09096,1.00,1.00
2014.02.04 13:22:02.670,1.09077,1.09096,1.02,1.00
2014.02.04 13:22:02.974,1.09081,1.09098,1.00,1.00
2014.02.04 13:22:03.076,1.09069,1.09099,1.18,2.25
2014.02.04 13:22:03.127,1.09068,1.09099,1.13,2.40
2014.02.04 13:22:03.177,1.09066,1.09095,1.38,1.00
2014.02.04 13:22:03.481,1.09074,1.09095,1.50,1.00
2014.02.04 13:22:03.784,1.09076,1.09095,1.00,1.00
2014.02.04 13:22:08.037,1.09073,1.09095,1.00,1.00
2014.02.04 13:22:09.571,1.09076,1.09095,1.00,1.00
2014.02.04 13:22:12.343,1.09072,1.09095,1.00,1.00
2014.02.04 13:22:13.155,1.09072,1.09098,1.00,1.50
2014.02.04 13:22:15.662,1.09076,1.09098,1.00,1.00
2014.02.04 13:22:16.185,1.09071,1.09098,1.00,1.00
2014.02.04 13:22:16.990,1.09071,1.09098,1.57,1.00
2014.02.04 13:22:19.532,1.09071,1.09098,2.22,1.00
2014.02.04 13:22:19.633,1.09071,1.09098,2.44,1.00
2014.02.04 13:22:19.887,1.09071,1.09098,2.97,1.00
2014.02.04 13:22:22.846,1.09076,1.09098,1.17,1.50
2014.02.04 13:22:23.150,1.09081,1.09101,1.58,1.00
2014.02.04 13:22:23.770,1.09077,1.09102,1.15,1.50
2014.02.04 13:22:23.821,1.09077,1.09102,1.15,1.50
2014.02.04 13:22:24.323,1.09077,1.09101,1.15,1.00
2014.02.04 13:22:24.921,1.09073,1.09101,1.72,1.00
2014.02.04 13:22:25.379,1.09072,1.09097,1.84,1.00
2014.02.04 13:22:25.480,1.09071,1.09097,3.19,1.00
2014.02.04 13:22:25.836,1.09077,1.09097,1.00,1.00
2014.02.04 13:22:26.844,1.09072,1.09097,2.22,1.00
2014.02.04 13:22:27.098,1.09072,1.09097,1.50,1.00
2014.02.04 13:22:27.149,1.09077,1.09097,1.00,1.00
2014.02.04 13:22:28.913,1.09072,1.09097,2.25,1.00
2014.02.04 13:22:28.963,1.09075,1.09097,1.00,1.00
2014.02.04 13:22:29.268,1.09078,1.09097,1.13,1.00
2014.02.04 13:22:29.774,1.09078,1.09097,1.38,1.00
2014.02.04 13:22:30.892,1.09078,1.09097,1.13,1.00
2014.02.04 13:22:30.995,1.09075,1.09097,1.50,1.00
2014.02.04 13:22:34.392,1.09078,1.09097,1.00,1.00
2014.02.04 13:22:34.800,1.09076,1.09097,1.13,1.00
2014.02.04 13:22:40.336,1.09076,1.09096,1.13,1.00
2014.02.04 13:22:41.002,1.09075,1.09097,1.00,1.00
2014.02.04 13:22:45.250,1.09075,1.09097,1.08,1.00
2014.02.04 13:22:46.820,1.09076,1.09097,1.18,1.00
2014.02.04 13:22:47.598,1.09082,1.09097,1.00,1.00
2014.02.04 13:22:47.929,1.09078,1.09097,1.15,1.00
2014.02.04 13:22:50.382,1.09076,1.09097,1.18,1.00
2014.02.04 13:22:54.749,1.09078,1.09097,1.00,1.00
2014.02.04 13:22:58.599,1.09078,1.09094,1.00,1.00
2014.02.04 13:22:58.917,1.09078,1.09094,1.15,1.00
2014.02.04 13:22:59.921,1.09078,1.09098,1.15,1.00
2014.02.04 13:23:00.839,1.09078,1.09098,1.20,1.00
2014.02.04 13:23:03.561,1.09077,1.09098,1.00,1.00
2014.02.04 13:23:03.662,1.09077,1.09101,1.00,1.00
2014.02.04 13:23:03.764,1.09077,1.09101,1.08,1.00
2014.02.04 13:23:04.069,1.09076,1.09101,1.15,1.00
2014.02.04 13:23:04.120,1.09076,1.09101,1.15,1.00
2014.02.04 13:23:04.223,1.09073,1.09101,1.15,1.00
2014.02.04 13:23:04.426,1.09083,1.09101,1.00,1.00
2014.02.04 13:23:04.731,1.09083,1.09101,1.15,1.00
2014.02.04 13:23:05.848,1.09084,1.09101,1.00,1.00
2014.02.04 13:23:07.289,1.09078,1.09101,1.65,1.00
2014.02.04 13:23:10.708,1.09083,1.09101,1.00,1.00
2014.02.04 13:23:11.190,1.09083,1.09101,1.65,1.00
2014.02.04 13:23:11.493,1.09083,1.09101,3.34,1.00
2014.02.04 13:23:12.399,1.09083,1.09098,2.78,1.00
2014.02.04 13:23:12.500,1.09083,1.09098,1.20,1.00
2014.02.04 13:23:12.551,1.09083,1.09098,1.13,1.00
2014.02.04 13:23:14.601,1.09083,1.09098,1.08,1.00
2014.02.04 13:23:15.258,1.09083,1.09098,1.00,1.00
2014.02.04 13:23:17.461,1.09079,1.09098,1.15,1.00
2014.02.04 13:23:17.720,1.09079,1.09098,1.18,1.00
2014.02.04 13:23:18.231,1.09079,1.09098,1.10,1.00
2014.02.04 13:23:19.002,1.09079,1.09101,1.10,1.00
2014.02.04 13:23:20.003,1.09077,1.09099,1.15,1.00
2014.02.04 13:23:20.870,1.0908,1.09099,1.00,1.00
2014.02.04 13:23:21.215,1.0908,1.09099,1.18,1.00
2014.02.04 13:23:21.582,1.0908,1.09099,1.00,1.00
2014.02.04 13:23:21.683,1.0908,1.09101,1.00,1.00
2014.02.04 13:23:22.201,1.0908,1.091,1.00,1.00
2014.02.04 13:23:22.717,1.09078,1.091,1.18,1.00
2014.02.04 13:23:23.432,1.09078,1.09099,1.18,1.00
2014.02.04 13:23:24.618,1.09078,1.09101,1.18,1.00
2014.02.04 13:23:25.229,1.09077,1.09099,1.65,1.00
2014.02.04 13:23:25.733,1.09077,1.09099,1.00,1.00
2014.02.04 13:23:26.909,1.09077,1.091,1.00,1.00
2014.02.04 13:23:27.249,1.09077,1.09098,1.00,1.00
2014.02.04 13:23:29.558,1.09077,1.09099,1.00,1.00
2014.02.04 13:23:29.862,1.09078,1.09099,1.08,1.00
2014.02.04 13:23:42.055,1.09078,1.09099,1.15,1.00
2014.02.04 13:23:42.667,1.09078,1.09099,1.15,1.00
2014.02.04 13:23:43.027,1.09078,1.09099,1.08,1.00
2014.02.04 13:23:44.735,1.09078,1.09097,1.08,1.00
2014.02.04 13:23:48.140,1.09078,1.09099,1.08,1.00
2014.02.04 13:23:52.068,1.09077,1.09099,1.65,1.00
2014.02.04 13:23:52.219,1.09082,1.09105,1.00,1.50
2014.02.04 13:23:53.977,1.09082,1.09105,1.08,1.00
2014.02.04 13:23:54.623,1.09082,1.09103,1.15,1.00
2014.02.04 13:23:55.199,1.09079,1.09099,2.40,1.00
2014.02.04 13:23:56.851,1.09082,1.09099,1.15,1.00
2014.02.04 13:23:56.953,1.09082,1.09103,1.65,1.00
2014.02.04 13:23:57.812,1.09092,1.09106,1.00,1.50
2014.02.04 13:23:58.362,1.09082,1.09103,1.65,1.00
2014.02.04 13:24:00.452,1.09082,1.09103,1.65,1.00
2014.02.04 13:24:02.078,1.09092,1.09106,1.00,1.50
2014.02.04 13:24:02.744,1.09092,1.09107,1.00,1.00
2014.02.04 13:24:03.048,1.09091,1.09108,1.15,1.00
2014.02.04 13:24:03.508,1.0909,1.09108,1.15,1.50
2014.02.04 13:24:03.610,1.09089,1.09108,1.15,1.00
2014.02.04 13:24:04.182,1.09096,1.09107,1.00,1.00
2014.02.04 13:24:04.437,1.09091,1.09107,1.08,1.00
2014.02.04 13:24:04.827,1.09087,1.09107,1.55,1.00
2014.02.04 13:24:05.735,1.09086,1.09107,1.53,1.00
2014.02.04 13:24:06.039,1.09086,1.09107,4.02,1.00
2014.02.04 13:24:13.552,1.09087,1.09107,1.72,1.00
2014.02.04 13:24:15.540,1.09087,1.09107,2.22,1.00
2014.02.04 13:24:15.743,1.09087,1.09107,1.47,1.00
2014.02.04 13:24:15.945,1.09092,1.09108,1.18,1.00
2014.02.04 13:24:16.713,1.09092,1.09109,1.15,2.25
2014.02.04 13:24:17.676,1.09088,1.09108,2.22,1.00
2014.02.04 13:24:18.353,1.09088,1.09109,2.22,2.25
2014.02.04 13:24:18.969,1.09091,1.09108,1.15,1.00
2014.02.04 13:24:19.711,1.09091,1.09109,1.15,2.25
2014.02.04 13:24:20.014,1.09095,1.09118,1.00,1.00
2014.02.04 13:24:20.116,1.09095,1.09113,1.00,1.00
2014.02.04 13:24:20.369,1.09091,1.09115,1.00,1.50
2014.02.04 13:24:20.755,1.09089,1.09115,1.50,1.10
2014.02.04 13:24:21.279,1.0909,1.09114,1.00,1.50
2014.02.04 13:24:21.381,1.09092,1.09115,1.00,1.10
2014.02.04 13:24:22.006,1.09092,1.09114,1.00,1.00
2014.02.04 13:24:23.637,1.09095,1.09114,1.00,1.00
2014.02.04 13:24:23.789,1.09097,1.09118,1.00,1.00
2014.02.04 13:24:24.392,1.09097,1.09117,1.50,1.00
2014.02.04 13:24:24.979,1.09097,1.09118,1.50,1.00
2014.02.04 13:24:25.388,1.09103,1.09117,1.00,1.00
2014.02.04 13:24:25.540,1.09106,1.09126,1.00,1.00
2014.02.04 13:24:25.641,1.09103,1.09123,2.82,1.00
2014.02.04 13:24:25.953,1.0911,1.09123,1.00,1.00
2014.02.04 13:24:26.465,1.09109,1.09123,1.00,1.00
2014.02.04 13:24:26.667,1.09109,1.09128,1.00,1.00
2014.02.04 13:24:27.082,1.09109,1.0913,1.00,1.00
2014.02.04 13:24:27.184,1.09109,1.09126,1.00,1.00
2014.02.04 13:24:27.655,1.09107,1.09127,1.00,1.50
2014.02.04 13:24:27.756,1.09102,1.09126,1.00,1.00
2014.02.04 13:24:28.552,1.09102,1.09127,1.13,1.50
2014.02.04 13:24:29.053,1.09102,1.09126,1.13,1.00
2014.02.04 13:24:29.961,1.09101,1.09126,1.00,1.00
2014.02.04 13:24:30.854,1.09101,1.09124,1.00,1.00
2014.02.04 13:24:31.158,1.09107,1.09126,1.00,1.00
2014.02.04 13:24:31.310,1.09102,1.09126,1.00,1.00
2014.02.04 13:24:32.327,1.09102,1.09123,1.00,1.00
2014.02.04 13:24:35.598,1.09101,1.09119,1.00,1.00
2014.02.04 13:24:35.814,1.09092,1.09119,1.00,2.25
2014.02.04 13:24:36.411,1.09092,1.0912,1.00,1.00
2014.02.04 13:24:36.823,1.09096,1.0912,1.00,1.00
2014.02.04 13:24:37.334,1.09096,1.09119,1.00,1.00
2014.02.04 13:24:37.615,1.09092,1.09119,1.50,1.00
2014.02.04 13:24:38.258,1.09092,1.0912,1.50,1.00
2014.02.04 13:24:39.186,1.0909,1.0912,1.09,1.50
2014.02.04 13:24:39.812,1.09092,1.09119,1.00,1.00
2014.02.04 13:24:40.219,1.0909,1.09119,1.09,1.00
2014.02.04 13:24:40.559,1.09097,1.0912,1.00,1.50
2014.02.04 13:24:41.266,1.09097,1.09119,1.00,1.00
2014.02.04 13:24:41.791,1.09097,1.0912,1.00,1.50
2014.02.04 13:24:42.811,1.09097,1.09119,1.00,1.00
2014.02.04 13:24:43.422,1.09091,1.0912,1.25,1.50
2014.02.04 13:24:45.862,1.0909,1.0912,1.09,1.00
2014.02.04 13:24:45.963,1.09089,1.0912,3.34,1.00
2014.02.04 13:24:46.166,1.09091,1.0912,1.00,1.00
2014.02.04 13:24:47.845,1.09096,1.0912,1.00,1.58
2014.02.04 13:24:49.372,1.09092,1.0912,1.38,1.00
2014.02.04 13:24:50.179,1.09092,1.0912,1.00,1.15
2014.02.04 13:24:53.074,1.09092,1.0912,1.00,1.00
2014.02.04 13:24:54.798,1.09092,1.09118,1.00,1.00
2014.02.04 13:24:54.899,1.09089,1.09118,1.48,1.50
2014.02.04 13:24:55.460,1.09089,1.09118,1.00,1.50
2014.02.04 13:24:56.897,1.09092,1.09118,1.00,1.00
2014.02.04 13:24:57.443,1.09092,1.09119,1.00,1.10
2014.02.04 13:24:58.914,1.09092,1.09119,1.00,1.08
2014.02.04 13:25:01.126,1.09089,1.09118,1.00,1.20
2014.02.04 13:25:01.667,1.09092,1.09118,1.00,1.20
2014.02.04 13:25:01.975,1.09097,1.0912,1.00,1.00
2014.02.04 13:25:03.513,1.09097,1.09115,1.00,1.00
2014.02.04 13:25:04.579,1.09097,1.09115,1.00,1.57
2014.02.04 13:25:04.630,1.09086,1.09115,1.00,1.57
2014.02.04 13:25:04.832,1.09091,1.0911,1.00,1.00
2014.02.04 13:25:05.891,1.09091,1.09115,1.00,1.00
2014.02.04 13:25:06.456,1.09091,1.09111,1.00,1.00
2014.02.04 13:25:07.930,1.09092,1.09111,1.00,1.30
2014.02.04 13:25:08.449,1.09091,1.09111,1.00,1.00
2014.02.04 13:25:11.649,1.09092,1.09111,1.00,1.30
2014.02.04 13:25:13.068,1.09086,1.09111,1.00,1.30
2014.02.04 13:25:13.604,1.09086,1.09111,1.00,1.22
2014.02.04 13:25:14.247,1.09086,1.09106,1.00,1.00
2014.02.04 13:25:15.426,1.09081,1.09106,1.65,1.00
2014.02.04 13:25:15.831,1.09081,1.09103,1.00,1.00
2014.02.04 13:25:16.134,1.09078,1.09097,1.50,1.00
2014.02.04 13:25:16.287,1.09075,1.09097,1.00,1.00
2014.02.04 13:25:16.338,1.09075,1.09093,1.00,1.30
2014.02.04 13:25:16.844,1.09076,1.09097,1.00,1.22
2014.02.04 13:25:16.895,1.09076,1.09097,1.00,1.00
2014.02.04 13:25:17.047,1.09075,1.09097,1.15,1.00
2014.02.04 13:25:17.202,1.09075,1.09102,1.15,1.00
2014.02.04 13:25:17.253,1.09075,1.09098,1.08,1.00
2014.02.04 13:25:17.558,1.09076,1.09094,1.00,1.00
2014.02.04 13:25:17.609,1.09071,1.09094,1.00,1.00
2014.02.04 13:25:18.665,1.09074,1.09094,1.10,1.00
2014.02.04 13:25:18.969,1.09078,1.09094,1.00,1.00
2014.02.04 13:25:19.121,1.09081,1.09104,1.15,1.13
2014.02.04 13:25:19.323,1.09081,1.09107,1.15,1.00
2014.02.04 13:25:20.772,1.09078,1.09107,1.15,1.00
2014.02.04 13:25:23.495,1.09078,1.09107,1.20,1.00
2014.02.04 13:25:23.801,1.09078,1.09107,1.15,1.00
2014.02.04 13:25:26.329,1.09086,1.09107,1.00,1.00
2014.02.04 13:25:26.481,1.09088,1.09113,1.15,1.00
2014.02.04 13:25:26.532,1.09088,1.09113,1.15,1.00
2014.02.04 13:25:27.093,1.09088,1.09113,1.65,1.00
2014.02.04 13:25:27.144,1.09089,1.09113,1.15,1.00
2014.02.04 13:25:27.498,1.09088,1.09113,1.65,1.00
2014.02.04 13:25:34.919,1.09096,1.09113,1.00,1.00
2014.02.04 13:25:35.021,1.09088,1.09113,2.03,1.00
2014.02.04 13:25:35.123,1.09097,1.09113,1.00,1.00
2014.02.04 13:25:35.924,1.09089,1.09113,2.03,1.00
2014.02.04 13:25:38.128,1.09101,1.09113,1.00,1.00
2014.02.04 13:25:38.905,1.09097,1.09113,1.00,1.00
2014.02.04 13:25:39.108,1.09102,1.09113,1.00,1.00
2014.02.04 13:25:39.422,1.09096,1.09113,1.00,1.00
2014.02.04 13:25:40.327,1.09096,1.09117,1.00,1.00
2014.02.04 13:25:40.430,1.09096,1.09113,1.00,1.00
2014.02.04 13:25:40.583,1.09096,1.0912,1.00,1.00
2014.02.04 13:25:40.685,1.09096,1.09116,1.00,1.00
2014.02.04 13:25:42.299,1.09096,1.09116,1.57,1.00
2014.02.04 13:25:42.603,1.091,1.09116,1.58,1.00
2014.02.04 13:25:42.755,1.09101,1.09123,1.08,1.00
2014.02.04 13:25:43.256,1.09101,1.09123,1.00,1.00
2014.02.04 13:25:46.854,1.09101,1.0912,1.00,1.00
2014.02.04 13:25:47.107,1.09096,1.0912,1.10,1.00
2014.02.04 13:25:47.513,1.09096,1.0912,1.15,1.00
2014.02.04 13:25:47.614,1.09096,1.0912,1.08,1.00
2014.02.04 13:25:48.127,1.09096,1.0912,1.00,1.00
2014.02.04 13:25:48.853,1.09093,1.0912,1.18,1.00
2014.02.04 13:25:49.005,1.09092,1.0912,1.15,1.00
2014.02.04 13:25:49.259,1.09089,1.0912,1.65,1.00
2014.02.04 13:25:50.298,1.09092,1.0912,1.15,1.00
2014.02.04 13:25:50.828,1.09092,1.0912,1.15,1.00
2014.02.04 13:25:51.955,1.09092,1.0912,1.15,1.00
2014.02.04 13:25:52.060,1.09092,1.0912,1.15,1.00
2014.02.04 13:25:52.679,1.09099,1.0912,1.18,1.00
2014.02.04 13:25:52.780,1.09094,1.09124,2.33,1.00
2014.02.04 13:25:53.033,1.09096,1.09124,1.15,1.00
2014.02.04 13:25:53.135,1.09096,1.09124,1.15,1.00
2014.02.04 13:25:54.907,1.09093,1.09118,1.15,1.00
2014.02.04 13:25:55.008,1.09092,1.09118,1.65,1.00
2014.02.04 13:25:55.598,1.09094,1.09118,1.00,1.00
2014.02.04 13:25:55.649,1.09094,1.09118,1.08,1.00
2014.02.04 13:25:55.802,1.09093,1.09118,1.15,1.00
2014.02.04 13:25:56.367,1.09096,1.09122,1.00,1.00
2014.02.04 13:25:57.945,1.09096,1.09117,1.00,1.00
2014.02.04 13:25:58.249,1.09096,1.09114,1.00,1.00
2014.02.04 13:25:58.452,1.09091,1.09114,1.00,1.00
2014.02.04 13:25:58.958,1.09088,1.09114,1.15,1.00
2014.02.04 13:25:59.262,1.09086,1.09114,1.15,1.00
2014.02.04 13:26:00.050,1.09084,1.0911,1.65,1.00
2014.02.04 13:26:00.151,1.09083,1.0911,1.15,1.00
2014.02.04 13:26:00.405,1.09081,1.09109,1.15,1.22
2014.02.04 13:26:00.456,1.09081,1.09109,1.00,1.22
2014.02.04 13:26:00.507,1.09081,1.09104,1.00,1.00
2014.02.04 13:26:01.014,1.09077,1.09104,1.15,1.00
2014.02.04 13:26:04.229,1.09076,1.09104,1.15,1.00
2014.02.04 13:26:04.563,1.09078,1.09104,1.15,1.00
2014.02.04 13:26:05.091,1.09079,1.09104,1.58,1.00
2014.02.04 13:26:06.233,1.09078,1.09101,2.33,1.00
2014.02.04 13:26:06.284,1.09078,1.09101,2.25,1.00
2014.02.04 13:26:06.386,1.09079,1.09101,1.18,1.00
2014.02.04 13:26:06.691,1.09078,1.09101,1.50,1.00
2014.02.04 13:26:07.203,1.09079,1.09101,1.00,1.00
2014.02.04 13:26:07.465,1.09079,1.09105,1.58,1.60
2014.02.04 13:26:09.345,1.09079,1.09105,1.00,1.22
2014.02.04 13:26:09.893,1.09078,1.09105,1.65,1.22
2014.02.04 13:26:10.088,1.09079,1.091,1.00,1.00
2014.02.04 13:26:12.093,1.09079,1.091,1.50,1.57
2014.02.04 13:26:12.400,1.09079,1.091,1.65,2.25
2014.02.04 13:26:12.552,1.09077,1.091,1.00,1.00
2014.02.04 13:26:12.704,1.09078,1.09104,1.15,1.57
2014.02.04 13:26:13.293,1.09079,1.09104,1.15,1.00
2014.02.04 13:26:14.829,1.09079,1.09104,1.15,1.57
2014.02.04 13:26:14.881,1.09079,1.09104,1.00,2.07
2014.02.04 13:26:15.033,1.09076,1.09099,1.50,1.32
2014.02.04 13:26:15.135,1.09077,1.09097,1.00,1.00
2014.02.04 13:26:15.540,1.09077,1.09102,1.18,1.00
2014.02.04 13:26:15.808,1.09077,1.09102,1.00,1.00
2014.02.04 13:26:15.909,1.09076,1.09105,1.15,1.00
2014.02.04 13:26:17.211,1.09076,1.09105,1.00,1.00
2014.02.04 13:26:17.517,1.09076,1.09105,1.15,1.00
2014.02.04 13:26:17.770,1.09076,1.09105,1.00,1.00
2014.02.04 13:26:19.501,1.09076,1.09104,1.00,1.00
2014.02.04 13:26:19.653,1.09076,1.09105,2.07,1.00
2014.02.04 13:26:20.058,1.09078,1.09105,1.09,1.00
2014.02.04 13:26:20.237,1.09081,1.09108,1.15,1.00
2014.02.04 13:26:22.356,1.09092,1.0911,1.00,1.00
2014.02.04 13:26:24.777,1.09081,1.0911,1.65,1.00
2014.02.04 13:26:24.888,1.09092,1.0911,1.00,1.00
2014.02.04 13:26:27.467,1.09092,1.09117,1.00,2.03
2014.02.04 13:26:27.670,1.09087,1.09118,1.50,1.65
2014.02.04 13:26:28.177,1.09087,1.09118,1.00,3.34
2014.02.04 13:26:28.429,1.09087,1.09114,1.00,1.00
2014.02.04 13:26:28.885,1.09087,1.09109,1.00,1.00
2014.02.04 13:26:29.037,1.09082,1.09109,1.50,1.00
2014.02.04 13:26:29.441,1.09086,1.09111,1.00,1.20
2014.02.04 13:26:29.951,1.09082,1.09108,1.50,1.00
2014.02.04 13:26:30.543,1.09082,1.09103,1.00,1.00
2014.02.04 13:26:30.644,1.09082,1.09107,1.00,1.10
2014.02.04 13:26:31.636,1.09086,1.0911,1.00,1.20
2014.02.04 13:26:31.839,1.09082,1.09108,1.00,1.00
2014.02.04 13:26:31.941,1.09082,1.09108,1.00,1.15
2014.02.04 13:26:32.256,1.09082,1.09106,1.00,1.15
2014.02.04 13:26:32.562,1.09082,1.09105,1.00,1.08
2014.02.04 13:26:32.613,1.09082,1.09105,1.00,1.10
2014.02.04 13:26:33.915,1.09081,1.09099,1.00,1.50
2014.02.04 13:26:34.168,1.09082,1.09101,1.00,1.00
2014.02.04 13:26:34.219,1.09082,1.09108,1.00,1.38
2014.02.04 13:26:34.929,1.09082,1.09108,1.00,1.00
2014.02.04 13:26:37.431,1.0908,1.09108,1.00,1.58
2014.02.04 13:26:37.584,1.09077,1.09105,1.00,1.00
2014.02.04 13:26:37.887,1.09082,1.09105,1.00,1.00
2014.02.04 13:26:39.178,1.09076,1.09105,1.50,1.00
2014.02.04 13:26:43.201,1.09076,1.09103,1.00,1.00
2014.02.04 13:26:44.753,1.09076,1.09105,1.10,1.00
2014.02.04 13:26:44.955,1.09082,1.09105,1.00,1.00
2014.02.04 13:26:45.832,1.09082,1.09107,1.00,1.00
2014.02.04 13:26:45.986,1.09084,1.09108,1.00,1.10
2014.02.04 13:26:46.289,1.09087,1.0911,1.00,1.00
2014.02.04 13:26:46.543,1.09093,1.09119,1.00,1.50
2014.02.04 13:26:46.947,1.09095,1.09118,1.00,1.10
2014.02.04 13:26:47.049,1.0909,1.09118,1.00,1.15
2014.02.04 13:26:47.150,1.09087,1.09113,1.50,1.00
2014.02.04 13:26:48.598,1.09088,1.09117,1.00,1.00
2014.02.04 13:26:48.699,1.09087,1.09115,1.00,1.00
2014.02.04 13:26:48.851,1.09089,1.09118,1.10,1.50
2014.02.04 13:26:49.809,1.09087,1.09113,1.08,1.00
2014.02.04 13:26:50.113,1.09091,1.09114,1.00,2.40
2014.02.04 13:26:53.420,1.09089,1.09108,1.00,1.00
2014.02.04 13:26:53.572,1.09087,1.09108,1.00,1.00
2014.02.04 13:26:54.194,1.09086,1.09104,1.00,1.00
2014.02.04 13:26:54.519,1.09081,1.09104,1.00,1.00
2014.02.04 13:26:54.691,1.09079,1.09104,1.00,1.00
2014.02.04 13:26:56.454,1.09081,1.09104,1.00,1.50
2014.02.04 13:26:57.617,1.09081,1.09104,1.38,1.50
2014.02.04 13:26:57.718,1.09084,1.09109,1.10,1.10
2014.02.04 13:26:57.769,1.0909,1.09109,1.00,1.00
2014.02.04 13:26:58.022,1.09082,1.09103,1.10,1.00
2014.02.04 13:26:58.124,1.09082,1.09107,1.00,1.50
2014.02.04 13:26:58.175,1.09078,1.09107,1.00,2.25
2014.02.04 13:27:01.356,1.09078,1.09107,1.00,1.65
2014.02.04 13:27:02.846,1.09082,1.09107,1.57,1.65
2014.02.04 13:27:02.998,1.09087,1.09111,1.00,1.00
2014.02.04 13:27:03.100,1.09088,1.09114,1.00,1.50
2014.02.04 13:27:03.454,1.09088,1.09111,1.00,1.00
2014.02.04 13:27:03.657,1.09084,1.09111,1.00,1.15
2014.02.04 13:27:03.759,1.09082,1.09111,1.00,1.15
2014.02.04 13:27:03.911,1.09077,1.09107,1.95,1.00
2014.02.04 13:27:04.216,1.09082,1.09105,1.00,1.00
2014.02.04 13:27:04.806,1.09082,1.09107,1.00,1.08
2014.02.04 13:27:06.896,1.09077,1.09107,1.13,1.08
2014.02.04 13:27:07.447,1.09077,1.09107,1.88,1.00
2014.02.04 13:27:07.549,1.09085,1.09107,1.00,1.00
2014.02.04 13:27:07.752,1.0909,1.09118,1.69,1.50
2014.02.04 13:27:07.905,1.09089,1.09118,1.02,1.50
2014.02.04 13:27:08.007,1.0909,1.09118,1.00,1.00
2014.02.04 13:27:08.109,1.0909,1.09114,1.00,1.00
2014.02.04 13:27:08.691,1.0909,1.09119,1.00,1.18
2014.02.04 13:27:08.744,1.09086,1.09115,1.48,1.00
2014.02.04 13:27:09.274,1.09086,1.09115,1.00,1.10
2014.02.04 13:27:09.820,1.09086,1.09115,1.38,1.10
2014.02.04 13:27:20.144,1.09086,1.09113,1.48,1.00
2014.02.04 13:27:24.107,1.09086,1.09113,1.48,1.00
2014.02.04 13:27:24.668,1.09086,1.09108,1.58,1.00
2014.02.04 13:27:24.870,1.09086,1.09113,1.20,1.00
2014.02.04 13:27:28.967,1.09086,1.09108,1.20,1.00
2014.02.04 13:27:29.271,1.09086,1.09108,1.18,1.00
2014.02.04 13:27:29.678,1.09086,1.09108,1.00,1.00
2014.02.04 13:27:29.729,1.09083,1.09108,1.08,1.00
2014.02.04 13:27:30.581,1.09084,1.09108,1.67,1.00
2014.02.04 13:27:30.682,1.09085,1.09112,1.32,1.00
2014.02.04 13:27:30.935,1.09085,1.09112,1.57,1.00
2014.02.04 13:27:31.138,1.09084,1.09112,1.69,1.00
2014.02.04 13:27:35.784,1.09083,1.09112,2.44,1.00
2014.02.04 13:27:37.634,1.09083,1.09108,1.69,1.00
2014.02.04 13:27:38.420,1.09083,1.09112,2.44,1.00
2014.02.04 13:27:39.440,1.09083,1.09112,2.44,1.00
2014.02.04 13:27:46.256,1.09085,1.09112,1.25,1.00
2014.02.04 13:27:47.243,1.09087,1.09116,1.00,1.00
2014.02.04 13:27:48.126,1.09083,1.09112,1.88,1.00
2014.02.04 13:27:49.213,1.09083,1.09112,1.55,1.00
2014.02.04 13:27:51.112,1.09088,1.09112,1.00,1.00
2014.02.04 13:27:51.366,1.09087,1.09115,1.88,1.00
2014.02.04 13:27:51.620,1.09086,1.09115,1.38,1.00
2014.02.04 13:27:51.722,1.09086,1.09115,1.20,1.00
2014.02.04 13:27:51.824,1.09088,1.09115,1.00,1.00
2014.02.04 13:27:52.128,1.091,1.09115,1.00,1.00
2014.02.04 13:27:52.280,1.091,1.09122,1.00,1.00
2014.02.04 13:27:52.382,1.09099,1.0912,1.00,1.00
2014.02.04 13:27:52.433,1.09096,1.09118,1.13,1.00
2014.02.04 13:27:52.674,1.09089,1.09118,3.53,1.50
2014.02.04 13:27:53.177,1.09094,1.09118,1.00,1.50
2014.02.04 13:27:53.691,1.09093,1.09118,1.00,1.50
2014.02.04 13:27:54.808,1.09089,1.09118,1.65,1.50
2014.02.04 13:27:54.934,1.09094,1.09118,1.00,1.50
2014.02.04 13:27:55.342,1.09099,1.09118,1.00,1.00
2014.02.04 13:27:56.825,1.09099,1.09113,1.00,1.00
2014.02.04 13:27:57.339,1.09098,1.09113,1.00,1.00
2014.02.04 13:27:57.389,1.09099,1.09118,1.00,1.00
2014.02.04 13:27:57.491,1.09089,1.09118,1.00,1.00
2014.02.04 13:27:59.367,1.09094,1.09118,1.00,1.00
2014.02.04 13:27:59.671,1.09099,1.09114,1.00,1.00
2014.02.04 13:27:59.722,1.09096,1.09114,3.00,1.00
2014.02.04 13:28:00.229,1.09095,1.09114,1.88,1.00
2014.02.04 13:28:04.315,1.09096,1.09114,1.00,1.00
2014.02.04 13:28:04.366,1.09096,1.09114,1.57,1.00
2014.02.04 13:28:04.669,1.09103,1.09117,1.00,1.00
2014.02.04 13:28:04.720,1.09101,1.09117,1.00,1.00
2014.02.04 13:28:07.217,1.09093,1.09117,1.00,1.00
2014.02.04 13:28:07.268,1.09093,1.09113,1.00,1.00
2014.02.04 13:28:07.370,1.0909,1.09113,1.00,1.00
2014.02.04 13:28:08.454,1.09088,1.09113,1.10,1.00
2014.02.04 13:28:08.707,1.09092,1.09113,1.00,1.00
2014.02.04 13:28:09.462,1.09089,1.09113,1.00,1.00
2014.02.04 13:28:10.173,1.09088,1.09113,1.10,1.00
2014.02.04 13:28:12.076,1.09092,1.09113,1.00,1.00
2014.02.04 13:28:13.207,1.09086,1.09111,1.65,1.00
2014.02.04 13:28:13.258,1.09086,1.0911,1.58,1.00
2014.02.04 13:28:13.309,1.09086,1.09107,1.58,1.00
2014.02.04 13:28:13.461,1.09081,1.09107,1.00,1.00
2014.02.04 13:28:13.562,1.09076,1.09107,2.63,1.00
2014.02.04 13:28:13.994,1.09076,1.09107,1.50,1.53
2014.02.04 13:28:14.298,1.09076,1.09098,1.00,1.00
2014.02.04 13:28:15.167,1.09072,1.09098,1.00,1.00
2014.02.04 13:28:17.383,1.09069,1.09098,2.07,1.00
2014.02.04 13:28:19.337,1.09072,1.09098,1.00,1.00
2014.02.04 13:28:25.952,1.09072,1.09094,1.00,1.00
2014.02.04 13:28:28.137,1.09067,1.09094,1.00,1.00
2014.02.04 13:28:30.920,1.09067,1.09091,1.00,1.00
2014.02.04 13:28:31.225,1.09067,1.09086,1.00,1.00
2014.02.04 13:28:31.326,1.09061,1.09086,1.00,1.00
2014.02.04 13:28:35.066,1.09072,1.09086,1.00,1.00
2014.02.04 13:28:35.168,1.09062,1.09086,1.00,1.00
2014.02.04 13:28:35.981,1.09071,1.09086,1.00,1.00
2014.02.04 13:28:36.191,1.09062,1.09086,1.10,1.00
2014.02.04 13:28:40.016,1.09057,1.09086,1.15,1.00
2014.02.04 13:28:40.313,1.09057,1.09086,1.00,1.00
2014.02.04 13:28:41.366,1.09062,1.09086,1.00,1.00
2014.02.04 13:28:41.671,1.09067,1.09091,1.00,1.10
2014.02.04 13:28:41.874,1.09067,1.09096,1.65,1.00
2014.02.04 13:28:41.981,1.09068,1.09096,1.15,1.00
2014.02.04 13:28:42.040,1.09074,1.09103,1.10,1.58
2014.02.04 13:28:42.639,1.09074,1.09103,1.18,1.00
2014.02.04 13:28:43.902,1.09074,1.09103,1.18,1.00
2014.02.04 13:28:46.029,1.09074,1.09103,1.15,1.00
2014.02.04 13:28:47.306,1.09074,1.09103,1.00,1.00
2014.02.04 13:28:55.857,1.09076,1.09103,1.00,1.00
2014.02.04 13:29:01.367,1.09078,1.09107,1.00,1.10
2014.02.04 13:29:02.586,1.09073,1.09103,1.15,1.00
2014.02.04 13:29:14.756,1.09076,1.09103,1.08,1.00
2014.02.04 13:29:15.314,1.09073,1.09103,1.08,1.00
2014.02.04 13:29:15.365,1.09073,1.09103,1.00,1.00
2014.02.04 13:29:20.263,1.09076,1.09103,1.00,1.00
2014.02.04 13:29:21.537,1.09076,1.09103,1.08,1.00
2014.02.04 13:29:22.586,1.09082,1.09103,1.00,1.00
2014.02.04 13:29:22.688,1.09082,1.09107,1.00,1.00
2014.02.04 13:29:26.456,1.09082,1.09107,1.65,1.00
2014.02.04 13:29:30.716,1.09082,1.09107,1.65,1.00
2014.02.04 13:29:32.670,1.09082,1.09107,1.58,1.00
2014.02.04 13:29:46.463,1.09084,1.09107,1.00,1.00
2014.02.04 13:29:47.944,1.09082,1.09107,1.58,1.00
2014.02.04 13:30:02.704,1.09086,1.09107,1.00,1.00
2014.02.04 13:30:03.581,1.09082,1.09107,1.08,1.00
2014.02.04 13:30:07.391,1.09077,1.09107,1.72,1.00
2014.02.04 13:30:09.634,1.09081,1.09107,1.00,1.00
2014.02.04 13:30:11.613,1.09081,1.09107,1.08,1.00
2014.02.04 13:30:11.969,1.09077,1.09107,1.65,1.00
2014.02.04 13:30:12.601,1.09076,1.09107,3.72,1.00
2014.02.04 13:30:13.543,1.09082,1.09097,1.00,1.00
2014.02.04 13:30:15.913,1.09087,1.09097,1.00,1.00
2014.02.04 13:30:16.572,1.09082,1.09097,1.00,1.00
2014.02.04 13:30:19.310,1.09087,1.09097,1.00,1.00
2014.02.04 13:30:20.081,1.09081,1.09097,1.15,1.00
2014.02.04 13:30:23.073,1.09078,1.09097,1.15,1.00
2014.02.04 13:30:23.276,1.09077,1.09097,1.15,1.00
2014.02.04 13:30:27.089,1.09082,1.09097,1.65,1.00
2014.02.04 13:30:27.682,1.09081,1.09097,1.00,1.00
2014.02.04 13:30:36.824,1.09076,1.09097,1.15,1.00
2014.02.04 13:30:36.976,1.09077,1.09097,1.15,1.00
2014.02.04 13:30:40.320,1.09076,1.09097,1.08,1.00
2014.02.04 13:30:40.637,1.09073,1.09093,1.10,1.57
2014.02.04 13:30:41.150,1.09071,1.0909,1.15,1.00
2014.02.04 13:30:41.252,1.09071,1.09095,1.15,1.32
2014.02.04 13:30:41.404,1.09077,1.09095,1.00,1.00
2014.02.04 13:30:41.709,1.09077,1.09091,1.15,1.00
2014.02.04 13:30:41.912,1.09072,1.09097,1.15,1.38
2014.02.04 13:30:42.014,1.09072,1.09097,1.65,1.00
2014.02.04 13:30:43.813,1.09075,1.09097,1.15,1.00
2014.02.04 13:30:46.547,1.09079,1.091,1.15,1.00
2014.02.04 13:30:46.700,1.09078,1.091,1.15,1.00
2014.02.04 13:30:53.853,1.09091,1.09108,1.57,1.38
2014.02.04 13:30:54.138,1.09091,1.09107,1.64,1.13
2014.02.04 13:30:56.393,1.09091,1.09107,1.64,1.00
2014.02.04 13:30:59.133,1.09088,1.09107,1.09,1.00
2014.02.04 13:30:59.336,1.09097,1.09107,1.00,1.00
2014.02.04 13:30:59.647,1.09087,1.09107,1.72,1.00
2014.02.04 13:31:00.006,1.09096,1.09107,1.00,1.00
2014.02.04 13:31:00.360,1.09092,1.09107,1.57,1.00
2014.02.04 13:31:00.562,1.09092,1.09107,1.72,1.00
2014.02.04 13:31:00.613,1.09092,1.09111,1.72,1.00
2014.02.04 13:31:01.224,1.09092,1.09111,1.72,1.00
2014.02.04 13:31:01.702,1.09088,1.09111,1.15,1.00
2014.02.04 13:31:02.056,1.09086,1.09107,1.72,1.00
2014.02.04 13:31:02.360,1.09082,1.09102,1.65,1.00
2014.02.04 13:31:02.664,1.09088,1.09102,1.15,1.00
2014.02.04 13:31:02.816,1.09091,1.09106,1.00,1.00
2014.02.04 13:31:02.867,1.09091,1.09106,1.15,1.00
2014.02.04 13:31:06.808,1.09086,1.09106,1.15,1.00
2014.02.04 13:31:07.438,1.09083,1.09106,1.15,1.00
2014.02.04 13:31:07.489,1.09084,1.09106,1.15,1.00
2014.02.04 13:31:07.742,1.0908,1.091,3.08,1.00
2014.02.04 13:31:07.948,1.0908,1.091,1.15,1.00
2014.02.04 13:31:10.108,1.09097,1.09108,1.00,1.38
2014.02.04 13:31:10.361,1.0909,1.091,1.00,1.00
2014.02.04 13:31:10.513,1.09087,1.091,1.15,1.00
2014.02.04 13:31:10.983,1.09085,1.091,1.15,1.00
2014.02.04 13:31:13.167,1.09083,1.091,1.65,1.00
2014.02.04 13:31:13.622,1.09082,1.091,1.15,1.00
2014.02.04 13:31:17.102,1.09082,1.091,1.15,1.00
2014.02.04 13:31:17.406,1.09087,1.091,1.15,1.00
2014.02.04 13:31:18.005,1.09087,1.09108,1.18,1.00
2014.02.04 13:31:18.106,1.09087,1.09108,1.10,1.00
2014.02.04 13:31:18.677,1.09081,1.09108,1.15,1.00
2014.02.04 13:31:18.728,1.09081,1.09108,1.15,1.00
2014.02.04 13:31:18.779,1.09081,1.09108,1.15,1.00
2014.02.04 13:31:19.131,1.09087,1.09102,1.00,1.00
2014.02.04 13:31:19.620,1.09079,1.09102,1.15,1.00
2014.02.04 13:31:20.361,1.09095,1.09102,1.00,1.00
2014.02.04 13:31:20.614,1.09096,1.09111,1.00,1.38
2014.02.04 13:31:21.156,1.09092,1.09111,1.65,1.00
2014.02.04 13:31:21.510,1.09086,1.09111,1.18,1.00
2014.02.04 13:31:21.612,1.09085,1.09105,1.15,1.00
2014.02.04 13:31:21.915,1.09085,1.09105,1.15,1.00
2014.02.04 13:31:27.673,1.09084,1.09101,1.15,1.00
2014.02.04 13:31:27.825,1.09086,1.09101,1.15,1.00
2014.02.04 13:31:27.977,1.09086,1.09101,1.65,1.00
2014.02.04 13:31:28.129,1.09089,1.09109,1.15,1.38
2014.02.04 13:31:28.332,1.09089,1.09104,1.15,1.00
2014.02.04 13:31:28.635,1.09088,1.09104,1.65,1.00
2014.02.04 13:31:31.607,1.09089,1.0911,1.15,1.13
2014.02.04 13:31:33.617,1.09084,1.0911,1.15,1.00
2014.02.04 13:31:34.311,1.09092,1.0911,1.00,1.00
2014.02.04 13:31:34.835,1.09092,1.0911,1.15,1.00
2014.02.04 13:31:35.139,1.09089,1.0911,2.40,1.00
2014.02.04 13:31:35.241,1.09089,1.0911,1.15,1.00
2014.02.04 13:31:35.292,1.09089,1.0911,1.15,1.00
2014.02.04 13:31:36.597,1.09087,1.0911,1.15,1.00
2014.02.04 13:31:37.119,1.09087,1.0911,1.15,1.00
2014.02.04 13:31:39.300,1.09088,1.0911,1.15,1.00
2014.02.04 13:31:39.817,1.09089,1.0911,1.15,1.00
2014.02.04 13:31:40.941,1.09089,1.0911,1.15,1.00
2014.02.04 13:31:42.026,1.09088,1.0911,1.15,1.00
2014.02.04 13:31:42.555,1.09087,1.0911,1.65,1.00
2014.02.04 13:31:42.860,1.09087,1.0911,1.65,1.00
2014.02.04 13:31:43.488,1.09087,1.09099,1.65,1.00
2014.02.04 13:31:43.797,1.09087,1.09099,1.15,1.00
2014.02.04 13:31:43.949,1.09084,1.09097,1.15,1.00
2014.02.04 13:31:44.000,1.09084,1.09097,1.15,1.00
2014.02.04 13:31:50.328,1.09086,1.09097,1.00,1.00
2014.02.04 13:31:55.642,1.09082,1.09097,1.15,1.00
2014.02.04 13:31:58.262,1.09086,1.09097,1.00,1.00
2014.02.04 13:31:59.581,1.0908,1.09097,1.15,1.00
2014.02.04 13:32:02.483,1.09082,1.09097,1.15,1.00
2014.02.04 13:32:05.126,1.09086,1.09097,1.18,1.00
2014.02.04 13:32:05.463,1.09092,1.09097,1.50,1.00
2014.02.04 13:32:05.767,1.0909,1.09097,1.00,1.00
2014.02.04 13:32:05.870,1.09092,1.09097,1.00,1.00
2014.02.04 13:32:09.191,1.09089,1.09103,1.15,1.38
2014.02.04 13:32:17.161,1.09089,1.09097,1.08,1.00
2014.02.04 13:32:17.212,1.09087,1.09097,1.10,1.00
2014.02.04 13:32:17.718,1.09087,1.09097,1.08,1.00
2014.02.04 13:32:18.154,1.09092,1.09108,1.08,1.00
2014.02.04 13:32:18.256,1.09097,1.09108,1.10,1.00
2014.02.04 13:32:18.509,1.09091,1.09108,1.00,1.00
2014.02.04 13:32:18.611,1.09091,1.09108,1.08,1.00
2014.02.04 13:32:19.119,1.09092,1.09108,1.15,1.00
2014.02.04 13:32:19.170,1.09092,1.09108,1.00,1.00
2014.02.04 13:32:19.374,1.09089,1.09108,1.00,1.00
2014.02.04 13:32:19.476,1.09087,1.09108,2.33,1.00
2014.02.04 13:32:20.092,1.09091,1.09108,1.10,1.00
2014.02.04 13:32:21.878,1.09096,1.09108,1.00,1.00
2014.02.04 13:32:31.329,1.09092,1.09108,1.77,1.00
2014.02.04 13:32:34.182,1.09091,1.09108,1.00,1.00
2014.02.04 13:32:35.069,1.09087,1.09108,1.74,1.00
2014.02.04 13:32:37.273,1.09087,1.09102,1.18,1.00
2014.02.04 13:32:37.479,1.09081,1.09098,1.15,1.00
2014.02.04 13:32:37.631,1.09077,1.09093,1.15,1.00
2014.02.04 13:32:37.783,1.09077,1.09093,1.00,1.00
2014.02.04 13:32:37.986,1.09077,1.09093,1.18,1.00
2014.02.04 13:32:38.290,1.09087,1.09098,1.00,1.00
2014.02.04 13:32:39.621,1.09081,1.09098,1.15,1.00
2014.02.04 13:32:39.925,1.09091,1.09098,1.00,1.00
2014.02.04 13:32:40.280,1.09091,1.09104,1.00,1.00
2014.02.04 13:32:41.137,1.09092,1.09104,1.00,1.00
2014.02.04 13:32:41.240,1.09092,1.09099,1.00,1.00
2014.02.04 13:32:41.341,1.09086,1.09099,1.50,1.00
2014.02.04 13:32:41.888,1.09086,1.09099,1.15,1.00
2014.02.04 13:32:42.099,1.09084,1.09099,1.39,1.00
2014.02.04 13:32:42.301,1.09084,1.09099,1.47,1.00
2014.02.04 13:32:42.555,1.09087,1.09103,1.15,1.00
2014.02.04 13:32:44.060,1.09087,1.09103,1.15,1.00
2014.02.04 13:32:44.365,1.09096,1.09103,1.08,1.00
2014.02.04 13:32:44.669,1.09096,1.09109,1.00,1.13
2014.02.04 13:32:44.878,1.09091,1.09109,2.22,1.00
2014.02.04 13:32:45.705,1.09089,1.09109,1.47,1.00
2014.02.04 13:32:46.341,1.09086,1.09109,2.97,1.00
2014.02.04 13:32:47.380,1.09088,1.09109,1.72,1.00
2014.02.04 13:32:47.431,1.09096,1.09109,1.00,1.00
2014.02.04 13:32:47.638,1.09092,1.09109,1.15,1.00
2014.02.04 13:32:48.423,1.09092,1.09109,1.15,1.00
2014.02.04 13:32:48.708,1.09092,1.09109,1.18,1.00
2014.02.04 13:32:49.231,1.09089,1.09109,2.40,1.00
2014.02.04 13:32:57.200,1.09092,1.09109,1.15,1.00
2014.02.04 13:33:03.046,1.09093,1.09109,1.74,1.00
2014.02.04 13:33:03.098,1.09099,1.09109,1.00,1.00
2014.02.04 13:33:03.403,1.09097,1.09109,1.57,1.00
2014.02.04 13:33:03.657,1.09099,1.09109,1.10,1.00
2014.02.04 13:33:03.860,1.09097,1.09109,1.10,1.00
2014.02.04 13:33:03.911,1.09097,1.09117,1.67,1.38
2014.02.04 13:33:04.012,1.09099,1.09114,1.57,1.00
2014.02.04 13:33:04.114,1.09097,1.09114,1.08,1.00
2014.02.04 13:33:04.215,1.09096,1.09114,1.18,1.00
2014.02.04 13:33:04.461,1.09096,1.0911,1.77,1.00
2014.02.04 13:33:04.664,1.09096,1.0911,1.20,1.00
2014.02.04 13:33:08.513,1.09102,1.0911,1.00,1.00
2014.02.04 13:33:10.211,1.09097,1.0911,1.00,1.00
2014.02.04 13:33:11.262,1.09101,1.0911,1.00,1.00
2014.02.04 13:33:11.414,1.09097,1.0911,1.00,1.00
2014.02.04 13:33:11.809,1.09092,1.0911,1.18,1.00
2014.02.04 13:33:12.471,1.09096,1.0911,1.00,1.00
2014.02.04 13:33:13.756,1.09096,1.0911,1.08,1.00
2014.02.04 13:33:14.832,1.09102,1.0911,1.00,1.00
2014.02.04 13:33:14.893,1.09096,1.0911,1.18,1.00
2014.02.04 13:33:15.952,1.09096,1.0911,1.18,1.00
2014.02.04 13:33:16.565,1.09096,1.09114,2.03,1.00
2014.02.04 13:33:16.616,1.09096,1.09114,2.03,1.00
2014.02.04 13:33:20.756,1.09098,1.09114,1.84,1.00
2014.02.04 13:33:24.842,1.091,1.09114,1.09,1.00
2014.02.04 13:33:25.367,1.09101,1.09114,1.72,1.00
2014.02.04 13:33:27.905,1.09101,1.09114,1.09,1.00
2014.02.04 13:33:32.413,1.09096,1.09114,2.59,1.00
2014.02.04 13:33:32.463,1.09096,1.09114,2.22,1.00
2014.02.04 13:33:32.565,1.09096,1.09114,2.22,1.00
2014.02.04 13:33:32.767,1.09097,1.09114,1.72,1.00
2014.02.04 13:33:33.338,1.09098,1.09114,1.72,1.00
2014.02.04 13:33:33.491,1.09096,1.0911,1.72,1.00
2014.02.04 13:33:33.592,1.09096,1.09115,1.72,1.00
2014.02.04 13:33:34.536,1.09097,1.09115,1.10,1.00
2014.02.04 13:33:43.964,1.09099,1.09112,1.57,1.00
2014.02.04 13:33:45.170,1.09102,1.09112,1.18,1.00
2014.02.04 13:33:45.960,1.09094,1.09112,1.15,1.00
2014.02.04 13:33:49.343,1.09101,1.09112,1.00,1.00
2014.02.04 13:33:49.545,1.09101,1.09116,1.65,1.00
2014.02.04 13:33:51.810,1.09097,1.09116,1.15,1.00
2014.02.04 13:33:51.861,1.09097,1.09116,1.15,1.00
2014.02.04 13:33:54.775,1.09097,1.09116,1.15,1.00
2014.02.04 13:33:54.826,1.09097,1.0912,1.65,1.00
2014.02.04 13:33:54.878,1.09097,1.0912,1.15,1.00
2014.02.04 13:33:55.384,1.09097,1.09116,1.65,1.00
2014.02.04 13:33:55.849,1.09097,1.09116,1.15,1.00
2014.02.04 13:34:00.898,1.09101,1.09114,1.18,1.00
2014.02.04 13:34:02.612,1.09099,1.09114,1.15,1.00
2014.02.04 13:34:03.150,1.09096,1.09114,2.22,1.00
2014.02.04 13:34:04.626,1.09097,1.09114,2.22,1.00
2014.02.04 13:34:05.082,1.09098,1.09114,1.09,1.00
2014.02.04 13:34:06.847,1.09102,1.09114,1.64,1.00
2014.02.04 13:34:07.209,1.09102,1.09114,2.14,1.00
2014.02.04 13:34:07.660,1.09107,1.09114,1.08,1.00
2014.02.04 13:34:12.476,1.09102,1.09114,1.84,1.00
2014.02.04 13:34:12.528,1.09102,1.09114,1.84,1.00
2014.02.04 13:34:13.590,1.09109,1.0912,1.00,1.38
2014.02.04 13:34:13.743,1.09105,1.09114,1.09,1.00
2014.02.04 13:34:15.951,1.09105,1.09117,1.09,1.00
2014.02.04 13:34:16.255,1.09104,1.09117,1.45,1.00
2014.02.04 13:34:16.794,1.09103,1.09117,2.03,1.00
2014.02.04 13:34:18.256,1.09109,1.09117,1.00,1.00
2014.02.04 13:34:18.878,1.09111,1.09117,1.00,1.00
2014.02.04 13:34:19.131,1.09109,1.09117,1.32,1.00
2014.02.04 13:34:19.690,1.09108,1.09117,1.15,1.00
2014.02.04 13:34:21.192,1.09108,1.09117,1.10,1.00
2014.02.04 13:34:21.293,1.09103,1.09117,1.65,1.00
2014.02.04 13:34:21.446,1.09106,1.09114,1.00,1.00
2014.02.04 13:34:24.722,1.09101,1.09114,1.15,1.00
2014.02.04 13:34:24.824,1.09101,1.09114,1.72,1.00
2014.02.04 13:34:25.280,1.09101,1.09114,1.72,1.00
2014.02.04 13:34:26.351,1.09101,1.09114,1.67,1.00
2014.02.04 13:34:26.453,1.09101,1.09114,1.72,1.00
2014.02.04 13:34:29.580,1.09103,1.09114,1.74,1.00
2014.02.04 13:34:29.884,1.09107,1.09114,1.08,1.00
2014.02.04 13:34:29.986,1.09104,1.09118,1.15,1.00
2014.02.04 13:34:32.927,1.09109,1.09118,1.15,1.00
2014.02.04 13:34:33.486,1.09109,1.09118,1.55,1.00
2014.02.04 13:34:33.832,1.09111,1.09115,1.00,1.00
2014.02.04 13:34:33.884,1.09108,1.09115,1.00,1.00
2014.02.04 13:34:33.936,1.09109,1.09117,1.00,1.00
2014.02.04 13:34:34.037,1.09107,1.09117,1.00,1.00
2014.02.04 13:34:34.139,1.09106,1.09112,1.00,1.00
2014.02.04 13:34:34.898,1.09101,1.09112,1.50,1.00
2014.02.04 13:34:39.623,1.09107,1.09112,1.00,1.00
2014.02.04 13:34:56.898,1.09102,1.09112,1.00,1.00
2014.02.04 13:35:00.761,1.09102,1.09118,1.00,1.13
2014.02.04 13:35:04.855,1.09107,1.09118,1.00,1.00
2014.02.04 13:35:05.665,1.09111,1.09118,1.00,1.00
2014.02.04 13:35:05.971,1.09111,1.09124,1.00,1.13
2014.02.04 13:35:06.081,1.09107,1.09118,1.00,1.00
2014.02.04 13:35:11.697,1.09111,1.09118,1.50,1.00
2014.02.04 13:35:15.553,1.09112,1.09118,1.00,1.00
2014.02.04 13:35:15.705,1.09109,1.09118,1.00,1.00
2014.02.04 13:35:15.756,1.09106,1.09118,1.00,1.00
2014.02.04 13:35:16.315,1.09106,1.09115,1.00,1.00
2014.02.04 13:35:18.307,1.09106,1.09119,1.00,1.00
2014.02.04 13:35:18.560,1.09106,1.09119,1.15,1.00
2014.02.04 13:35:18.869,1.09111,1.09119,1.00,1.00
2014.02.04 13:35:21.885,1.09108,1.09119,1.10,1.00
2014.02.04 13:35:22.139,1.09111,1.09119,1.00,1.00
2014.02.04 13:35:23.156,1.09107,1.09119,1.18,1.00
2014.02.04 13:35:23.258,1.091,1.09116,1.00,1.00
2014.02.04 13:35:23.359,1.09095,1.09113,1.00,1.00
2014.02.04 13:35:23.461,1.09092,1.09113,1.00,1.00
2014.02.04 13:35:23.716,1.09085,1.09113,1.18,1.50
2014.02.04 13:35:23.818,1.09085,1.09113,1.00,1.50
2014.02.04 13:35:23.869,1.09085,1.09107,1.00,1.00
2014.02.04 13:35:24.376,1.09084,1.09107,1.10,1.00
2014.02.04 13:35:24.679,1.09085,1.09107,1.08,1.00
2014.02.04 13:35:24.781,1.09084,1.09107,1.00,1.00
2014.02.04 13:35:25.287,1.09081,1.09107,1.15,1.50
2014.02.04 13:35:25.490,1.09086,1.09107,1.08,1.50
2014.02.04 13:35:26.076,1.09086,1.09107,1.15,1.00
2014.02.04 13:35:26.380,1.09091,1.09107,1.32,1.00
2014.02.04 13:35:26.431,1.09091,1.0911,1.32,1.00
