2017.10.13 14:00:00.003,1.09702,1.09727,1.00,1.00
2017.10.13 14:00:00.054,1.09698,1.09727,1.00,1.37
2017.10.13 14:00:00.105,1.09691,1.09728,1.00,1.00
2017.10.13 14:00:00.200,1.0969,1.09725,1.00,1.50
2017.10.13 14:00:00.506,1.09681,1.09713,1.37,1.00
2017.10.13 14:00:00.660,1.09679,1.09713,1.00,1.00
2017.10.13 14:00:00.712,1.09676,1.09713,1.00,1.00
2017.10.13 14:00:00.845,1.09682,1.09717,1.00,1.75
2017.10.13 14:00:01.001,1.0968,1.09715,1.12,1.50
2017.10.13 14:00:01.305,1.09677,1.09713,1.37,1.00
2017.10.13 14:00:01.617,1.09676,1.09714,1.00,1.37
2017.10.13 14:00:01.720,1.09677,1.09717,1.00,1.00
2017.10.13 14:00:01.772,1.0968,1.09718,1.37,1.00
2017.10.13 14:00:02.126,1.09678,1.09714,1.75,1.00
2017.10.13 14:00:02.180,1.09678,1.09714,1.50,1.00
2017.10.13 14:00:02.231,1.09679,1.09714,1.87,1.12
2017.10.13 14:00:02.334,1.09678,1.09714,1.37,1.12
2017.10.13 14:00:02.815,1.09679,1.0971,1.12,1.00
2017.10.13 14:00:02.867,1.09679,1.09714,1.12,1.87
2017.10.13 14:00:03.434,1.09679,1.09713,1.00,1.00
2017.10.13 14:00:03.485,1.09679,1.09712,1.94,1.00
2017.10.13 14:00:03.796,1.09685,1.09712,1.87,1.00
2017.10.13 14:00:04.085,1.09683,1.09714,1.87,1.00
2017.10.13 14:00:04.145,1.09685,1.09711,1.50,1.00
2017.10.13 14:00:04.451,1.09685,1.09713,1.87,1.00
2017.10.13 14:00:04.775,1.09685,1.09715,1.37,1.00
2017.10.13 14:00:04.884,1.09685,1.09718,1.37,1.50
2017.10.13 14:00:05.046,1.09685,1.09717,1.75,1.00
2017.10.13 14:00:05.098,1.09683,1.09713,1.37,1.00
2017.10.13 14:00:05.254,1.09681,1.09716,2.62,1.00
2017.10.13 14:00:05.679,1.0968,1.09715,1.00,1.00
2017.10.13 14:00:06.197,1.09685,1.0972,1.00,1.00
2017.10.13 14:00:06.686,1.09682,1.09718,1.00,1.62
2017.10.13 14:00:06.994,1.09686,1.09716,1.00,1.00
2017.10.13 14:00:07.341,1.09685,1.09714,1.75,1.00
2017.10.13 14:00:07.455,1.09687,1.09721,1.50,1.00
2017.10.13 14:00:07.507,1.09689,1.09723,1.00,1.00
2017.10.13 14:00:07.818,1.09697,1.0973,1.00,1.12
2017.10.13 14:00:08.153,1.09697,1.09728,1.00,1.00
2017.10.13 14:00:08.571,1.097,1.09728,1.75,1.00
2017.10.13 14:00:08.922,1.09706,1.0973,1.12,1.00
2017.10.13 14:00:09.279,1.09709,1.09732,1.00,1.00
2017.10.13 14:00:09.632,1.0971,1.09734,1.00,1.00
2017.10.13 14:00:09.684,1.0971,1.09736,1.00,1.00
2017.10.13 14:00:10.142,1.09712,1.09735,1.00,1.00
2017.10.13 14:00:10.450,1.09712,1.09732,1.00,1.00
2017.10.13 14:00:10.717,1.09711,1.09735,1.00,1.50
2017.10.13 14:00:10.872,1.09711,1.09732,1.00,1.00
2017.10.13 14:00:11.118,1.09711,1.09734,1.25,1.00
2017.10.13 14:00:11.644,1.09711,1.09735,1.00,1.00
2017.10.13 14:00:11.851,1.09705,1.09727,1.50,1.00
2017.10.13 14:00:11.953,1.09703,1.09727,1.00,1.31
2017.10.13 14:00:12.573,1.09711,1.09728,1.00,1.38
2017.10.13 14:00:12.624,1.09716,1.09738,1.25,1.00
2017.10.13 14:00:12.777,1.09715,1.09742,1.00,1.31
2017.10.13 14:00:13.085,1.09713,1.09739,1.12,1.25
2017.10.13 14:00:13.136,1.09713,1.09732,1.00,1.00
2017.10.13 14:00:13.237,1.09709,1.09739,1.69,2.19
2017.10.13 14:00:13.641,1.09708,1.09733,1.00,1.00
2017.10.13 14:00:14.311,1.0971,1.09733,1.00,1.00
2017.10.13 14:00:14.413,1.09708,1.09733,1.25,1.00
2017.10.13 14:00:14.618,1.09713,1.09735,1.19,1.00
2017.10.13 14:00:14.669,1.09713,1.09739,1.31,1.25
2017.10.13 14:00:14.720,1.09721,1.09746,1.00,2.25
2017.10.13 14:00:14.875,1.09724,1.09746,1.00,1.00
2017.10.13 14:00:15.032,1.09722,1.09746,1.25,1.25
2017.10.13 14:00:15.185,1.0972,1.09745,1.44,1.63
2017.10.13 14:00:15.288,1.09719,1.09745,1.69,1.50
2017.10.13 14:00:15.637,1.09723,1.09747,1.12,1.38
2017.10.13 14:00:15.943,1.09727,1.09745,1.12,1.00
2017.10.13 14:00:15.995,1.09725,1.09745,1.12,1.00
2017.10.13 14:00:16.280,1.09724,1.09747,1.88,1.00
2017.10.13 14:00:16.538,1.09723,1.09745,1.44,1.00
2017.10.13 14:00:17.055,1.09728,1.09748,1.69,1.00
2017.10.13 14:00:17.259,1.09724,1.09746,1.81,1.00
2017.10.13 14:00:17.311,1.09724,1.09748,2.25,1.00
2017.10.13 14:00:17.646,1.0973,1.09752,1.12,1.25
2017.10.13 14:00:17.701,1.09726,1.09752,1.50,1.56
2017.10.13 14:00:17.754,1.09725,1.0975,1.00,1.44
2017.10.13 14:00:17.857,1.09722,1.09752,1.37,2.81
2017.10.13 14:00:17.909,1.09723,1.09749,1.50,1.00
2017.10.13 14:00:18.062,1.09728,1.09749,1.00,1.25
2017.10.13 14:00:18.402,1.09731,1.09748,1.00,1.00
2017.10.13 14:00:18.454,1.09728,1.09748,1.50,1.00
2017.10.13 14:00:18.557,1.09731,1.09749,1.00,1.44
2017.10.13 14:00:18.811,1.09728,1.09749,1.00,1.13
2017.10.13 14:00:18.913,1.0973,1.09749,1.00,1.00
2017.10.13 14:00:19.430,1.09731,1.0975,1.00,1.38
2017.10.13 14:00:19.538,1.09728,1.0975,1.00,2.81
2017.10.13 14:00:19.590,1.09726,1.09749,2.25,1.19
2017.10.13 14:00:19.973,1.09724,1.09748,2.25,1.88
2017.10.13 14:00:20.535,1.09725,1.09747,1.00,1.87
2017.10.13 14:00:21.061,1.09726,1.09748,1.69,1.12
2017.10.13 14:00:21.216,1.09725,1.0975,2.44,1.50
2017.10.13 14:00:21.749,1.09727,1.09749,1.00,1.00
2017.10.13 14:00:21.800,1.09726,1.09745,1.50,1.00
2017.10.13 14:00:22.004,1.09721,1.09741,1.25,1.69
2017.10.13 14:00:22.106,1.09721,1.09739,1.00,1.00
2017.10.13 14:00:22.724,1.0972,1.09739,1.00,1.00
2017.10.13 14:00:23.367,1.0972,1.0974,1.00,1.00
2017.10.13 14:00:23.925,1.09719,1.09741,1.00,1.44
2017.10.13 14:00:24.027,1.09717,1.09741,2.62,1.25
2017.10.13 14:00:24.191,1.09721,1.09741,1.00,1.25
2017.10.13 14:00:24.738,1.09721,1.09741,1.00,1.87
2017.10.13 14:00:25.044,1.09719,1.09739,1.00,1.12
2017.10.13 14:00:25.263,1.09724,1.09745,1.00,2.44
2017.10.13 14:00:25.365,1.09724,1.09745,1.50,2.25
2017.10.13 14:00:25.416,1.09724,1.09745,1.50,1.50
2017.10.13 14:00:25.518,1.09724,1.09746,2.25,1.75
2017.10.13 14:00:25.773,1.09722,1.09744,1.50,1.37
2017.10.13 14:00:25.900,1.09722,1.09747,1.00,2.00
2017.10.13 14:00:25.955,1.09728,1.09749,1.00,1.44
2017.10.13 14:00:26.113,1.09726,1.09751,1.69,1.75
2017.10.13 14:00:26.266,1.09729,1.09747,1.44,1.00
2017.10.13 14:00:26.564,1.09729,1.09754,1.13,1.13
2017.10.13 14:00:26.620,1.09729,1.09754,1.25,1.75
2017.10.13 14:00:26.876,1.09729,1.09753,1.31,1.25
2017.10.13 14:00:26.980,1.09729,1.09747,1.50,1.19
2017.10.13 14:00:27.033,1.09725,1.09747,1.87,1.00
2017.10.13 14:00:27.087,1.09725,1.09747,2.25,1.00
2017.10.13 14:00:27.325,1.09732,1.09751,1.00,1.00
2017.10.13 14:00:27.835,1.0973,1.09747,1.50,1.00
2017.10.13 14:00:28.010,1.09729,1.0975,1.25,1.00
2017.10.13 14:00:28.062,1.0973,1.09753,1.38,1.31
2017.10.13 14:00:28.368,1.09731,1.09755,1.69,2.25
2017.10.13 14:00:28.471,1.09728,1.0975,1.00,1.69
2017.10.13 14:00:28.522,1.09726,1.09749,1.13,1.00
2017.10.13 14:00:28.886,1.09728,1.09749,1.88,1.31
2017.10.13 14:00:28.989,1.09728,1.09749,1.25,1.00
2017.10.13 14:00:29.091,1.0973,1.09749,1.00,1.00
2017.10.13 14:00:29.595,1.09731,1.09751,1.00,1.00
2017.10.13 14:00:29.885,1.09729,1.09752,1.00,1.19
2017.10.13 14:00:30.430,1.0973,1.09753,1.25,2.25
2017.10.13 14:00:30.786,1.09731,1.09755,1.44,1.94
2017.10.13 14:00:31.301,1.09732,1.09754,1.13,1.88
2017.10.13 14:00:32.560,1.09732,1.09754,1.00,1.81
2017.10.13 14:00:32.816,1.09722,1.09746,1.31,1.69
2017.10.13 14:00:32.919,1.09724,1.09745,1.12,1.50
2017.10.13 14:00:33.151,1.09718,1.0974,1.87,1.00
2017.10.13 14:00:33.203,1.09724,1.09744,1.31,1.44
2017.10.13 14:00:33.305,1.09727,1.09749,1.25,1.12
2017.10.13 14:00:33.458,1.09729,1.09752,1.00,1.13
2017.10.13 14:00:33.510,1.09729,1.09753,1.00,2.63
2017.10.13 14:00:33.663,1.09729,1.09749,1.25,1.50
2017.10.13 14:00:33.793,1.09729,1.09753,1.25,2.63
2017.10.13 14:00:33.844,1.09729,1.09751,1.25,1.13
2017.10.13 14:00:33.946,1.09729,1.09752,1.25,1.44
2017.10.13 14:00:34.151,1.09729,1.0975,1.00,1.38
2017.10.13 14:00:34.253,1.09723,1.09747,2.25,1.00
2017.10.13 14:00:34.681,1.09726,1.09744,1.25,1.25
2017.10.13 14:00:34.783,1.09726,1.09746,1.25,1.13
2017.10.13 14:00:35.330,1.09726,1.09748,1.00,1.88
2017.10.13 14:00:35.457,1.09726,1.09745,1.13,1.00
2017.10.13 14:00:36.182,1.09726,1.09746,1.00,1.25
2017.10.13 14:00:36.955,1.09726,1.09745,1.13,1.00
2017.10.13 14:00:37.112,1.09726,1.09748,1.13,2.25
2017.10.13 14:00:37.265,1.09723,1.09744,1.00,1.44
2017.10.13 14:00:37.573,1.0972,1.09741,1.00,1.31
2017.10.13 14:00:37.938,1.09721,1.09745,1.12,2.25
2017.10.13 14:00:37.990,1.09724,1.09745,1.00,1.13
2017.10.13 14:00:38.296,1.09726,1.09748,1.50,1.62
2017.10.13 14:00:38.833,1.09727,1.09749,2.25,1.62
2017.10.13 14:00:38.986,1.09727,1.09749,1.00,1.87
2017.10.13 14:00:39.089,1.09727,1.09748,1.00,1.44
2017.10.13 14:00:39.629,1.09727,1.09748,1.00,1.62
2017.10.13 14:00:40.140,1.09726,1.09744,1.00,1.25
2017.10.13 14:00:40.241,1.09722,1.09744,1.32,1.25
2017.10.13 14:00:40.430,1.09724,1.09745,1.00,1.00
2017.10.13 14:00:40.739,1.09723,1.09744,1.00,1.62
2017.10.13 14:00:40.995,1.0972,1.09744,1.07,1.25
2017.10.13 14:00:41.047,1.09723,1.09746,1.44,2.06
2017.10.13 14:00:41.098,1.09722,1.09746,1.44,1.87
2017.10.13 14:00:41.190,1.09725,1.09746,1.00,1.87
2017.10.13 14:00:41.918,1.09724,1.09748,1.25,2.81
2017.10.13 14:00:42.223,1.09723,1.09744,1.00,1.50
2017.10.13 14:00:42.529,1.09719,1.09745,1.74,3.19
2017.10.13 14:00:42.941,1.09722,1.09744,1.00,1.38
2017.10.13 14:00:43.043,1.0972,1.09744,1.07,1.25
2017.10.13 14:00:43.095,1.0972,1.09744,1.50,2.06
2017.10.13 14:00:43.408,1.09716,1.09735,1.00,1.00
2017.10.13 14:00:43.713,1.09712,1.09735,1.25,1.00
2017.10.13 14:00:43.968,1.09711,1.09733,1.19,1.00
2017.10.13 14:00:44.286,1.0971,1.09733,1.19,1.00
2017.10.13 14:00:44.389,1.0971,1.09733,1.13,1.00
2017.10.13 14:00:44.441,1.0971,1.09733,1.50,1.12
2017.10.13 14:00:44.941,1.0971,1.09733,1.69,1.00
2017.10.13 14:00:45.521,1.0971,1.09732,1.19,1.00
2017.10.13 14:00:45.683,1.09711,1.09736,1.19,1.87
2017.10.13 14:00:45.734,1.0971,1.09735,1.62,1.00
2017.10.13 14:00:46.239,1.0971,1.09734,1.62,1.00
2017.10.13 14:00:46.291,1.0971,1.09734,1.37,1.25
2017.10.13 14:00:46.342,1.0971,1.09734,1.19,1.37
2017.10.13 14:00:46.653,1.09708,1.09729,2.25,1.25
2017.10.13 14:00:47.083,1.09706,1.09726,1.50,1.69
2017.10.13 14:00:47.595,1.09706,1.09727,1.69,1.00
2017.10.13 14:00:47.941,1.09701,1.09722,2.25,1.00
2017.10.13 14:00:48.246,1.097,1.09723,3.19,1.25
2017.10.13 14:00:48.748,1.09701,1.09722,1.13,1.00
2017.10.13 14:00:49.263,1.097,1.09722,1.50,1.00
2017.10.13 14:00:49.727,1.097,1.09722,1.88,1.00
2017.10.13 14:00:49.829,1.097,1.09723,1.50,1.00
2017.10.13 14:00:50.010,1.09703,1.09726,1.25,1.81
2017.10.13 14:00:50.216,1.09705,1.09729,1.25,1.25
2017.10.13 14:00:50.319,1.09706,1.0973,1.44,1.69
2017.10.13 14:00:50.858,1.09707,1.0973,1.00,1.69
2017.10.13 14:00:51.486,1.09707,1.09731,1.69,2.06
2017.10.13 14:00:52.093,1.09708,1.0973,1.69,1.25
2017.10.13 14:00:52.696,1.09708,1.09731,1.31,1.69
2017.10.13 14:00:53.379,1.09708,1.0973,1.69,1.50
2017.10.13 14:00:53.956,1.09708,1.0973,1.50,1.00
2017.10.13 14:00:54.278,1.09708,1.0973,2.62,1.50
2017.10.13 14:00:54.330,1.09708,1.0973,1.87,1.00
2017.10.13 14:00:54.535,1.09707,1.09724,1.50,1.00
2017.10.13 14:00:54.586,1.09707,1.09729,1.63,2.44
2017.10.13 14:00:54.638,1.09707,1.09727,1.25,1.25
2017.10.13 14:00:54.689,1.09708,1.0973,1.25,1.44
2017.10.13 14:00:54.792,1.09708,1.09729,2.06,1.00
2017.10.13 14:00:54.903,1.09708,1.09731,2.06,1.00
2017.10.13 14:00:55.006,1.09708,1.09729,1.50,1.00
2017.10.13 14:00:55.210,1.09708,1.09729,1.31,1.00
2017.10.13 14:00:55.263,1.09706,1.0973,1.00,1.37
2017.10.13 14:00:55.658,1.0971,1.09729,1.00,1.00
2017.10.13 14:00:55.760,1.09705,1.09728,2.44,1.00
2017.10.13 14:00:56.262,1.09705,1.09728,2.00,1.00
2017.10.13 14:00:56.364,1.09705,1.09729,1.69,1.00
2017.10.13 14:00:56.517,1.09705,1.09729,1.69,1.00
2017.10.13 14:00:57.020,1.09706,1.09728,1.50,1.00
2017.10.13 14:00:57.122,1.09709,1.0973,1.00,1.12
2017.10.13 14:00:57.553,1.09709,1.09731,1.38,2.62
2017.10.13 14:00:58.214,1.09708,1.09731,1.50,2.62
2017.10.13 14:00:58.737,1.09708,1.09731,1.38,2.81
2017.10.13 14:01:00.102,1.09708,1.09731,1.00,2.25
2017.10.13 14:01:00.204,1.09711,1.09731,1.25,1.00
2017.10.13 14:01:00.800,1.09711,1.09731,1.63,1.00
2017.10.13 14:01:01.228,1.09711,1.09733,3.00,1.00
2017.10.13 14:01:01.280,1.09714,1.09736,1.19,1.87
2017.10.13 14:01:01.420,1.09714,1.09736,1.00,1.19
2017.10.13 14:01:01.573,1.09714,1.09736,1.69,1.00
2017.10.13 14:01:01.624,1.09715,1.09736,1.44,1.00
2017.10.13 14:01:02.438,1.09714,1.09735,1.25,1.44
2017.10.13 14:01:02.594,1.09714,1.09736,1.00,1.50
2017.10.13 14:01:03.598,1.09717,1.09735,1.00,1.00
2017.10.13 14:01:03.650,1.09719,1.0974,1.50,2.25
2017.10.13 14:01:03.701,1.09721,1.09742,1.31,1.75
2017.10.13 14:01:03.803,1.09721,1.09743,1.13,2.06
2017.10.13 14:01:04.014,1.09717,1.0974,1.44,1.88
2017.10.13 14:01:04.321,1.09713,1.09733,1.00,1.25
2017.10.13 14:01:04.945,1.09713,1.09733,1.44,1.25
2017.10.13 14:01:05.463,1.09713,1.09734,1.00,1.19
2017.10.13 14:01:05.719,1.09713,1.09735,1.25,1.50
2017.10.13 14:01:05.868,1.09713,1.09733,1.00,1.50
2017.10.13 14:01:06.378,1.09713,1.09734,1.69,1.00
2017.10.13 14:01:06.935,1.09713,1.09733,1.00,1.00
2017.10.13 14:01:07.139,1.09714,1.09735,1.00,1.00
2017.10.13 14:01:07.343,1.09715,1.09737,1.69,1.25
2017.10.13 14:01:07.546,1.09715,1.09736,1.25,1.87
2017.10.13 14:01:07.952,1.09715,1.09731,1.19,1.00
2017.10.13 14:01:08.003,1.09712,1.09731,2.44,1.00
2017.10.13 14:01:08.054,1.09712,1.09733,2.44,1.00
2017.10.13 14:01:08.105,1.09712,1.09736,3.37,1.69
2017.10.13 14:01:08.208,1.09715,1.09736,1.44,1.19
2017.10.13 14:01:08.310,1.09717,1.09738,1.00,1.25
2017.10.13 14:01:08.620,1.09716,1.09736,1.00,1.25
2017.10.13 14:01:08.927,1.09711,1.09732,1.88,1.19
2017.10.13 14:01:09.181,1.09714,1.09736,1.00,1.56
2017.10.13 14:01:09.725,1.09714,1.09736,1.00,1.62
2017.10.13 14:01:10.229,1.09715,1.09736,1.00,1.81
2017.10.13 14:01:10.943,1.09714,1.09736,1.00,1.62
2017.10.13 14:01:11.642,1.09715,1.09735,1.00,1.44
2017.10.13 14:01:12.268,1.09714,1.09735,1.00,1.25
2017.10.13 14:01:13.506,1.09715,1.09736,1.00,1.44
2017.10.13 14:01:14.419,1.09714,1.09736,1.00,1.44
2017.10.13 14:01:14.933,1.09715,1.09736,1.00,1.37
2017.10.13 14:01:15.204,1.09717,1.09737,1.00,1.19
2017.10.13 14:01:15.713,1.09718,1.09737,1.00,1.00
2017.10.13 14:01:16.309,1.09717,1.09738,1.00,1.56
2017.10.13 14:01:16.721,1.09718,1.09738,1.00,1.50
2017.10.13 14:01:17.249,1.09718,1.09738,1.00,1.31
2017.10.13 14:01:17.922,1.09717,1.09738,1.00,1.19
2017.10.13 14:01:18.574,1.09718,1.09738,1.00,1.50
2017.10.13 14:01:19.044,1.09717,1.0974,3.00,1.12
2017.10.13 14:01:19.096,1.09717,1.0974,3.37,1.00
2017.10.13 14:01:19.403,1.0972,1.09742,1.25,1.69
2017.10.13 14:01:19.947,1.09721,1.09741,1.13,1.25
2017.10.13 14:01:20.930,1.09721,1.09741,1.19,1.00
2017.10.13 14:01:21.434,1.09721,1.09741,1.25,1.00
2017.10.13 14:01:21.671,1.09719,1.09738,1.00,1.00
2017.10.13 14:01:22.382,1.09719,1.09738,1.38,1.25
2017.10.13 14:01:22.762,1.09716,1.09737,1.75,1.19
2017.10.13 14:01:22.864,1.09714,1.09735,2.25,1.19
2017.10.13 14:01:23.371,1.09715,1.09735,1.00,1.31
2017.10.13 14:01:24.799,1.09715,1.09735,1.00,1.44
2017.10.13 14:01:25.379,1.09714,1.09733,1.50,1.00
2017.10.13 14:01:26.501,1.09714,1.09733,1.00,1.19
2017.10.13 14:01:27.076,1.09713,1.09733,1.00,1.44
2017.10.13 14:01:27.828,1.09713,1.09733,1.00,1.25
2017.10.13 14:01:27.930,1.09713,1.09732,1.44,1.19
2017.10.13 14:01:27.982,1.09713,1.09734,1.44,1.87
2017.10.13 14:01:28.485,1.09717,1.09732,1.00,1.00
2017.10.13 14:01:28.639,1.09717,1.09734,1.00,2.06
2017.10.13 14:01:29.180,1.09713,1.09734,1.31,2.06
2017.10.13 14:01:29.656,1.09713,1.09732,1.00,1.00
2017.10.13 14:01:29.707,1.09713,1.09734,1.00,1.69
2017.10.13 14:01:29.758,1.09713,1.09732,1.00,1.00
2017.10.13 14:01:30.657,1.09713,1.09734,1.00,2.81
2017.10.13 14:01:31.266,1.09713,1.09734,1.00,1.50
2017.10.13 14:01:31.786,1.09713,1.09733,1.13,1.12
2017.10.13 14:01:32.295,1.09713,1.09734,1.38,2.62
2017.10.13 14:01:32.891,1.09713,1.09734,1.38,2.44
2017.10.13 14:01:32.994,1.09713,1.09734,1.00,2.06
2017.10.13 14:01:33.533,1.09713,1.09734,1.25,1.12
2017.10.13 14:01:34.120,1.09714,1.09735,2.44,1.00
2017.10.13 14:01:34.171,1.09715,1.09737,1.44,1.25
2017.10.13 14:01:34.357,1.09715,1.09734,1.00,1.00
2017.10.13 14:01:34.713,1.09714,1.09736,1.50,1.00
2017.10.13 14:01:34.765,1.09715,1.09734,1.00,1.00
2017.10.13 14:01:34.816,1.09715,1.09736,1.00,1.00
2017.10.13 14:01:34.918,1.09714,1.09733,1.50,1.00
2017.10.13 14:01:35.454,1.09715,1.09734,1.00,1.00
2017.10.13 14:01:35.962,1.09715,1.09733,1.00,1.00
2017.10.13 14:01:36.653,1.09714,1.09733,1.50,1.00
2017.10.13 14:01:37.163,1.09715,1.09732,1.00,1.00
2017.10.13 14:01:37.674,1.09714,1.09732,1.50,1.00
2017.10.13 14:01:38.165,1.09715,1.09734,1.00,1.19
2017.10.13 14:01:38.217,1.09712,1.09731,1.88,1.25
2017.10.13 14:01:38.319,1.0971,1.09731,1.00,2.06
2017.10.13 14:01:38.828,1.0971,1.09731,1.88,1.50
2017.10.13 14:01:39.239,1.09711,1.09729,1.44,1.00
2017.10.13 14:01:39.291,1.09711,1.09731,1.44,1.68
2017.10.13 14:01:39.761,1.0971,1.09731,2.25,1.00
2017.10.13 14:01:40.053,1.0971,1.09731,1.88,1.19
2017.10.13 14:01:40.105,1.09711,1.09731,1.38,1.87
2017.10.13 14:01:40.315,1.0971,1.09731,1.44,1.69
2017.10.13 14:01:40.417,1.0971,1.09731,1.44,1.50
2017.10.13 14:01:40.625,1.0971,1.0973,1.31,1.00
2017.10.13 14:01:41.703,1.0971,1.0973,1.56,1.00
2017.10.13 14:01:44.304,1.0971,1.09731,1.56,1.50
2017.10.13 14:01:44.762,1.09712,1.09733,1.69,1.00
2017.10.13 14:01:44.813,1.09715,1.09733,1.25,1.00
2017.10.13 14:01:45.068,1.09715,1.09735,1.13,1.50
2017.10.13 14:01:45.427,1.09715,1.09732,1.00,1.00
2017.10.13 14:01:46.207,1.09715,1.09733,1.50,1.00
2017.10.13 14:01:46.857,1.09715,1.09735,1.25,1.13
2017.10.13 14:01:46.908,1.09715,1.09733,1.25,1.00
2017.10.13 14:01:49.863,1.09713,1.09733,1.25,1.00
2017.10.13 14:01:50.421,1.09713,1.09733,1.19,1.00
2017.10.13 14:01:51.775,1.09712,1.09733,1.19,1.25
2017.10.13 14:01:53.213,1.09713,1.09733,1.19,1.25
2017.10.13 14:01:53.618,1.09712,1.09733,1.00,1.25
2017.10.13 14:01:53.875,1.0971,1.0973,1.12,1.25
2017.10.13 14:01:54.180,1.0971,1.09728,1.00,1.25
2017.10.13 14:01:54.725,1.09707,1.09726,3.19,1.00
2017.10.13 14:01:55.234,1.09707,1.09725,1.87,1.00
2017.10.13 14:01:55.792,1.09709,1.09726,1.00,1.19
2017.10.13 14:01:56.314,1.09709,1.09726,1.00,1.19
2017.10.13 14:01:56.823,1.09709,1.09726,1.00,1.44
2017.10.13 14:01:58.237,1.09708,1.09726,1.12,1.44
2017.10.13 14:01:58.340,1.09711,1.09729,1.00,1.00
2017.10.13 14:01:58.867,1.09711,1.0973,1.38,1.00
2017.10.13 14:01:59.806,1.09711,1.0973,1.00,1.00
2017.10.13 14:01:59.858,1.09709,1.09726,1.00,1.88
2017.10.13 14:02:00.114,1.09702,1.09722,1.00,1.00
2017.10.13 14:02:00.512,1.09706,1.09726,1.25,1.50
2017.10.13 14:02:00.818,1.0971,1.09731,1.00,1.50
2017.10.13 14:02:00.971,1.09712,1.09731,1.00,1.00
2017.10.13 14:02:01.307,1.09713,1.09732,1.44,1.00
2017.10.13 14:02:01.562,1.09712,1.09731,1.00,1.00
2017.10.13 14:02:02.116,1.09712,1.0973,1.25,1.00
2017.10.13 14:02:02.676,1.09712,1.09733,1.00,1.13
2017.10.13 14:02:03.412,1.09713,1.09733,1.25,1.31
2017.10.13 14:02:03.963,1.09712,1.09733,1.00,1.00
2017.10.13 14:02:04.535,1.09713,1.09733,1.00,1.44
2017.10.13 14:02:04.894,1.09713,1.0973,1.13,1.00
2017.10.13 14:02:04.945,1.09713,1.09732,1.00,1.00
2017.10.13 14:02:05.465,1.09713,1.09731,1.25,1.00
2017.10.13 14:02:05.925,1.09713,1.09731,1.88,1.00
2017.10.13 14:02:06.027,1.09717,1.09737,1.56,1.50
2017.10.13 14:02:06.268,1.09722,1.09739,1.00,1.00
2017.10.13 14:02:06.629,1.09723,1.09742,1.00,1.50
2017.10.13 14:02:06.681,1.09721,1.09742,1.50,1.50
2017.10.13 14:02:07.126,1.09721,1.0974,1.69,1.00
2017.10.13 14:02:07.660,1.09721,1.09739,1.00,1.00
2017.10.13 14:02:08.295,1.09721,1.0974,1.00,1.13
2017.10.13 14:02:08.884,1.09719,1.0974,1.13,1.44
2017.10.13 14:02:10.148,1.09719,1.0974,1.25,1.50
2017.10.13 14:02:10.670,1.09719,1.0974,1.44,1.88
2017.10.13 14:02:12.649,1.09722,1.0974,1.12,1.69
2017.10.13 14:02:12.955,1.09728,1.09745,1.00,3.56
2017.10.13 14:02:13.216,1.09727,1.09745,1.00,2.44
2017.10.13 14:02:13.742,1.09728,1.09746,1.25,1.87
2017.10.13 14:02:14.345,1.09727,1.09745,1.25,1.00
2017.10.13 14:02:14.854,1.09728,1.09745,1.00,1.12
2017.10.13 14:02:15.477,1.09727,1.09745,1.00,1.50
2017.10.13 14:02:15.988,1.09726,1.09745,1.12,1.69
2017.10.13 14:02:16.039,1.09725,1.0974,1.12,1.00
2017.10.13 14:02:16.192,1.09719,1.0974,1.25,1.25
2017.10.13 14:02:17.135,1.0972,1.0974,1.13,1.44
2017.10.13 14:02:17.661,1.0972,1.0974,1.13,1.00
2017.10.13 14:02:17.917,1.09729,1.09743,1.00,1.00
2017.10.13 14:02:17.969,1.09726,1.09745,1.00,1.00
2017.10.13 14:02:18.021,1.09732,1.09748,1.00,1.31
2017.10.13 14:02:18.123,1.09731,1.09749,1.25,1.00
2017.10.13 14:02:18.225,1.09735,1.0975,1.00,1.00
2017.10.13 14:02:18.741,1.09734,1.0975,1.00,1.50
2017.10.13 14:02:19.253,1.09734,1.09749,1.00,1.00
2017.10.13 14:02:19.779,1.09735,1.0975,1.00,1.00
2017.10.13 14:02:20.351,1.09734,1.0975,1.00,1.00
2017.10.13 14:02:20.942,1.09735,1.0975,1.00,1.00
2017.10.13 14:02:22.435,1.09734,1.0975,1.00,1.00
2017.10.13 14:02:22.986,1.09735,1.0975,1.00,1.00
2017.10.13 14:02:23.848,1.09735,1.09753,1.00,1.13
2017.10.13 14:02:24.382,1.09735,1.09754,1.69,1.19
2017.10.13 14:02:24.790,1.09738,1.09754,1.00,1.37
2017.10.13 14:02:24.998,1.09738,1.09754,1.00,1.12
2017.10.13 14:02:26.633,1.09738,1.09754,1.00,1.31
2017.10.13 14:02:27.115,1.09738,1.09754,1.00,1.25
2017.10.13 14:02:27.616,1.09738,1.09754,1.00,1.19
2017.10.13 14:02:28.134,1.09738,1.09754,1.00,1.00
2017.10.13 14:02:28.678,1.09737,1.09754,1.00,1.25
2017.10.13 14:02:29.337,1.09736,1.09754,1.00,1.00
2017.10.13 14:02:31.378,1.09735,1.09754,1.00,1.31
2017.10.13 14:02:31.430,1.09733,1.0975,1.00,1.00
2017.10.13 14:02:33.480,1.09731,1.0975,1.25,1.00
2017.10.13 14:02:34.105,1.09732,1.0975,1.25,1.00
2017.10.13 14:02:35.069,1.09731,1.0975,1.25,1.00
2017.10.13 14:02:35.655,1.09732,1.0975,1.25,1.12
2017.10.13 14:02:39.008,1.09731,1.0975,1.25,1.00
2017.10.13 14:02:40.049,1.09731,1.0975,1.25,1.19
2017.10.13 14:02:40.599,1.09732,1.0975,1.25,1.31
2017.10.13 14:02:41.195,1.09731,1.0975,1.25,1.19
2017.10.13 14:02:41.693,1.09733,1.09755,2.44,1.19
2017.10.13 14:02:41.745,1.09733,1.09755,2.63,1.50
2017.10.13 14:02:41.847,1.09731,1.09751,1.00,1.00
2017.10.13 14:02:42.000,1.09733,1.09755,1.44,1.00
2017.10.13 14:02:42.051,1.09737,1.09755,1.00,1.50
2017.10.13 14:02:42.592,1.09737,1.09755,1.00,1.25
2017.10.13 14:02:43.123,1.09736,1.09755,1.25,1.00
2017.10.13 14:02:43.937,1.09733,1.09755,1.31,1.00
2017.10.13 14:02:44.243,1.09733,1.09752,1.50,1.00
2017.10.13 14:02:44.844,1.09733,1.09752,1.87,1.00
2017.10.13 14:02:45.150,1.09733,1.09752,1.13,1.00
2017.10.13 14:02:45.692,1.09733,1.09752,1.44,1.00
2017.10.13 14:02:45.743,1.09734,1.09754,1.00,1.00
2017.10.13 14:02:45.795,1.09735,1.09754,1.81,1.00
2017.10.13 14:02:45.846,1.09737,1.09757,1.31,1.00
2017.10.13 14:02:45.949,1.0974,1.09757,1.00,1.00
2017.10.13 14:02:46.679,1.09739,1.09757,1.00,1.00
2017.10.13 14:02:47.756,1.09739,1.09757,1.44,1.00
2017.10.13 14:02:48.614,1.0974,1.09757,1.44,1.00
2017.10.13 14:02:49.146,1.09739,1.09757,1.31,1.00
2017.10.13 14:02:49.670,1.0974,1.09757,1.44,1.00
2017.10.13 14:02:51.245,1.09739,1.09757,1.44,1.00
2017.10.13 14:02:51.984,1.0974,1.09757,1.44,1.00
2017.10.13 14:02:52.546,1.09739,1.09757,1.44,1.00
2017.10.13 14:02:54.036,1.0974,1.09757,1.44,1.00
2017.10.13 14:02:54.602,1.09739,1.09757,1.44,1.00
2017.10.13 14:02:55.381,1.0974,1.09757,1.44,1.00
2017.10.13 14:02:56.170,1.0974,1.09761,1.00,1.00
2017.10.13 14:02:56.719,1.0974,1.09761,1.69,1.19
2017.10.13 14:02:57.264,1.0974,1.09761,1.69,1.25
2017.10.13 14:02:58.286,1.09739,1.09761,1.88,1.00
2017.10.13 14:02:58.564,1.09742,1.09763,1.69,1.00
2017.10.13 14:02:58.717,1.09744,1.09765,1.81,1.00
2017.10.13 14:02:59.441,1.09744,1.09765,2.63,1.00
2017.10.13 14:03:00.089,1.09747,1.09765,1.00,1.00
2017.10.13 14:03:00.591,1.09748,1.09765,1.00,1.00
2017.10.13 14:03:00.847,1.09745,1.09765,1.19,1.00
2017.10.13 14:03:00.949,1.09742,1.09762,2.00,1.00
2017.10.13 14:03:01.001,1.09741,1.09762,2.06,1.00
2017.10.13 14:03:01.103,1.09741,1.09762,1.63,1.00
2017.10.13 14:03:01.328,1.0974,1.09759,1.19,1.00
2017.10.13 14:03:01.379,1.09737,1.09757,1.87,1.00
2017.10.13 14:03:01.430,1.09736,1.09754,1.00,1.00
2017.10.13 14:03:01.584,1.09734,1.09755,1.31,1.00
2017.10.13 14:03:02.176,1.09734,1.09757,1.12,2.06
2017.10.13 14:03:02.279,1.09734,1.09757,1.88,3.00
2017.10.13 14:03:02.788,1.09734,1.09757,1.31,2.25
2017.10.13 14:03:03.223,1.09732,1.09753,1.63,1.00
2017.10.13 14:03:03.816,1.09733,1.09753,1.38,1.00
2017.10.13 14:03:04.254,1.09732,1.09753,1.75,1.00
2017.10.13 14:03:04.305,1.09732,1.09753,2.06,1.00
2017.10.13 14:03:04.509,1.09734,1.09753,1.81,1.00
2017.10.13 14:03:04.835,1.09736,1.09756,1.75,1.00
2017.10.13 14:03:04.937,1.09737,1.09758,1.31,1.25
2017.10.13 14:03:05.113,1.09737,1.09758,1.88,1.00
2017.10.13 14:03:05.641,1.09734,1.09751,1.87,1.25
2017.10.13 14:03:05.794,1.0973,1.09751,1.88,1.13
2017.10.13 14:03:06.299,1.09731,1.09751,1.63,1.00
2017.10.13 14:03:06.401,1.09731,1.09751,1.19,1.00
2017.10.13 14:03:06.453,1.0973,1.09749,1.87,1.00
2017.10.13 14:03:07.196,1.09728,1.09749,1.44,1.69
2017.10.13 14:03:07.351,1.09727,1.09749,1.50,1.50
2017.10.13 14:03:07.607,1.09728,1.09749,1.44,1.00
2017.10.13 14:03:08.109,1.09728,1.09748,1.63,1.00
2017.10.13 14:03:08.211,1.09728,1.09749,1.25,1.00
2017.10.13 14:03:08.418,1.09729,1.09748,1.63,1.00
2017.10.13 14:03:08.470,1.09729,1.09751,1.63,2.06
2017.10.13 14:03:09.031,1.09729,1.09751,1.38,1.00
2017.10.13 14:03:09.541,1.0973,1.09751,1.56,1.25
2017.10.13 14:03:09.753,1.0973,1.09751,1.56,1.44
2017.10.13 14:03:09.907,1.09729,1.09751,2.25,1.25
2017.10.13 14:03:10.445,1.0973,1.09751,2.06,1.12
2017.10.13 14:03:10.983,1.0973,1.09751,1.56,1.12
2017.10.13 14:03:11.085,1.0973,1.09751,1.25,1.62
2017.10.13 14:03:11.340,1.09726,1.09747,1.56,1.00
2017.10.13 14:03:11.391,1.09726,1.09747,1.25,1.31
2017.10.13 14:03:11.692,1.09724,1.09744,1.44,1.00
2017.10.13 14:03:12.204,1.09725,1.09744,1.63,1.00
2017.10.13 14:03:12.358,1.09724,1.09744,1.25,1.00
2017.10.13 14:03:12.793,1.09723,1.09744,2.06,1.00
2017.10.13 14:03:13.306,1.09723,1.09744,1.63,1.00
2017.10.13 14:03:13.620,1.09724,1.09744,1.56,1.00
2017.10.13 14:03:13.671,1.09724,1.09744,1.38,1.00
2017.10.13 14:03:13.723,1.09723,1.09744,2.06,1.00
2017.10.13 14:03:14.253,1.09723,1.09742,1.44,1.00
2017.10.13 14:03:14.780,1.09723,1.09742,1.00,1.00
2017.10.13 14:03:14.935,1.09721,1.09742,1.50,1.25
2017.10.13 14:03:15.141,1.09721,1.09742,1.88,1.25
2017.10.13 14:03:15.707,1.09722,1.09742,1.38,1.25
2017.10.13 14:03:16.138,1.09725,1.09745,1.25,2.06
2017.10.13 14:03:16.434,1.09725,1.09745,1.38,1.00
2017.10.13 14:03:16.667,1.09724,1.09745,2.81,1.00
2017.10.13 14:03:17.238,1.09725,1.09745,1.38,1.00
2017.10.13 14:03:17.891,1.09724,1.09745,1.88,1.00
2017.10.13 14:03:18.146,1.09724,1.09745,1.69,1.00
2017.10.13 14:03:18.695,1.09724,1.09745,1.38,2.06
2017.10.13 14:03:19.441,1.09724,1.09745,1.13,1.25
2017.10.13 14:03:19.974,1.09723,1.09744,1.38,1.00
2017.10.13 14:03:20.521,1.09723,1.09744,1.38,1.25
2017.10.13 14:03:20.828,1.09721,1.09741,1.63,1.25
2017.10.13 14:03:21.135,1.09723,1.09743,1.00,1.00
2017.10.13 14:03:21.348,1.09724,1.09743,1.69,1.00
2017.10.13 14:03:21.867,1.09724,1.09743,1.31,1.00
2017.10.13 14:03:22.212,1.09724,1.09743,1.56,1.00
2017.10.13 14:03:22.725,1.09724,1.09743,1.56,1.00
2017.10.13 14:03:23.534,1.09724,1.09745,2.06,1.00
2017.10.13 14:03:24.435,1.09724,1.09745,1.13,1.00
2017.10.13 14:03:25.003,1.09724,1.09745,1.88,1.00
2017.10.13 14:03:28.623,1.09724,1.09745,1.25,1.00
2017.10.13 14:03:28.994,1.09721,1.09741,1.87,1.56
2017.10.13 14:03:29.254,1.09716,1.09738,1.25,1.63
2017.10.13 14:03:29.816,1.09715,1.09738,1.50,2.25
2017.10.13 14:03:30.422,1.09715,1.09736,1.00,1.44
2017.10.13 14:03:31.172,1.09714,1.09736,1.69,1.31
2017.10.13 14:03:32.774,1.09714,1.09736,1.25,1.63
2017.10.13 14:03:33.258,1.09713,1.09736,1.69,1.25
2017.10.13 14:03:33.806,1.09713,1.09736,1.69,1.44
2017.10.13 14:03:34.527,1.09714,1.09736,1.25,1.38
2017.10.13 14:03:35.237,1.09713,1.09736,1.69,1.56
2017.10.13 14:03:36.793,1.09713,1.09733,1.69,1.00
2017.10.13 14:03:37.863,1.09714,1.09733,1.69,1.00
2017.10.13 14:03:38.950,1.09714,1.09733,1.44,1.00
2017.10.13 14:03:39.535,1.09713,1.09733,2.44,1.00
2017.10.13 14:03:39.888,1.09712,1.09733,1.00,1.19
2017.10.13 14:03:39.940,1.09712,1.09733,1.25,1.25
2017.10.13 14:03:40.093,1.09713,1.09733,1.44,1.00
2017.10.13 14:03:40.144,1.09716,1.09736,1.00,1.25
2017.10.13 14:03:40.450,1.09716,1.09736,1.75,1.00
2017.10.13 14:03:40.910,1.09716,1.09736,1.88,1.19
2017.10.13 14:03:41.114,1.09717,1.09736,1.38,1.00
2017.10.13 14:03:42.380,1.09716,1.09736,2.63,1.00
2017.10.13 14:03:42.606,1.09718,1.09739,1.69,1.00
2017.10.13 14:03:42.759,1.09717,1.09739,1.25,1.25
2017.10.13 14:03:42.875,1.09717,1.09739,1.38,1.00
2017.10.13 14:03:43.183,1.09716,1.09737,2.06,1.25
2017.10.13 14:03:43.565,1.09716,1.09738,2.44,1.00
2017.10.13 14:03:43.967,1.09716,1.09737,2.63,1.00
2017.10.13 14:03:44.124,1.09716,1.09737,2.63,1.25
2017.10.13 14:03:44.655,1.09716,1.09738,2.44,1.25
2017.10.13 14:03:44.909,1.09716,1.09737,2.63,1.25
2017.10.13 14:03:44.960,1.09716,1.09737,2.44,1.00
2017.10.13 14:03:45.139,1.09716,1.09737,2.63,1.00
2017.10.13 14:03:45.240,1.09716,1.09738,2.44,1.31
2017.10.13 14:03:45.393,1.09716,1.09738,2.63,1.25
2017.10.13 14:03:45.495,1.09716,1.09738,2.25,2.06
2017.10.13 14:03:45.648,1.09716,1.09736,1.88,1.00
2017.10.13 14:03:46.177,1.09717,1.09737,1.25,1.00
2017.10.13 14:03:46.484,1.09718,1.09737,1.81,1.00
2017.10.13 14:03:46.791,1.09709,1.09726,1.25,1.00
2017.10.13 14:03:47.279,1.09708,1.09726,1.81,1.00
2017.10.13 14:03:47.483,1.09709,1.09729,2.25,1.00
2017.10.13 14:03:47.534,1.09711,1.09729,1.25,1.00
2017.10.13 14:03:47.892,1.09717,1.09732,1.00,1.00
2017.10.13 14:03:47.943,1.09717,1.09734,1.00,1.25
2017.10.13 14:03:48.628,1.09716,1.09734,1.50,1.00
2017.10.13 14:03:49.147,1.09717,1.09734,1.25,1.00
2017.10.13 14:03:49.351,1.09716,1.09732,1.00,1.00
2017.10.13 14:03:49.606,1.09707,1.09727,1.00,1.00
2017.10.13 14:03:49.759,1.09706,1.09727,1.38,1.13
2017.10.13 14:03:49.860,1.09706,1.09727,1.25,1.00
2017.10.13 14:03:50.064,1.09707,1.09727,1.31,1.00
2017.10.13 14:03:50.581,1.09706,1.09727,1.44,1.44
2017.10.13 14:03:51.125,1.09706,1.09727,1.13,1.25
2017.10.13 14:03:51.964,1.09707,1.09727,1.00,1.19
2017.10.13 14:03:52.320,1.09708,1.09727,1.56,1.00
2017.10.13 14:03:52.525,1.09704,1.09722,1.00,1.50
2017.10.13 14:03:53.052,1.09702,1.09722,1.63,1.00
2017.10.13 14:03:53.694,1.09702,1.09722,1.38,1.00
2017.10.13 14:03:54.207,1.09703,1.09724,1.38,1.69
2017.10.13 14:03:54.752,1.09702,1.09724,1.38,1.44
2017.10.13 14:03:55.342,1.09703,1.09724,1.13,1.13
2017.10.13 14:03:55.883,1.09703,1.09724,1.88,1.50
2017.10.13 14:03:56.644,1.09704,1.09724,1.25,1.19
2017.10.13 14:03:56.749,1.09704,1.09724,1.38,1.19
2017.10.13 14:03:57.364,1.09706,1.09727,1.00,1.25
2017.10.13 14:03:57.417,1.09708,1.09729,1.25,1.88
2017.10.13 14:03:57.765,1.09705,1.09728,2.62,1.56
2017.10.13 14:03:57.817,1.09703,1.09726,1.19,1.63
2017.10.13 14:03:58.326,1.09703,1.09726,1.13,1.81
2017.10.13 14:03:58.377,1.09706,1.09728,1.69,1.31
2017.10.13 14:03:58.428,1.09707,1.09728,1.31,1.50
2017.10.13 14:03:58.764,1.09706,1.09725,1.50,1.13
2017.10.13 14:03:59.222,1.09706,1.09727,2.06,1.63
2017.10.13 14:03:59.772,1.09705,1.09723,1.13,1.00
2017.10.13 14:04:00.179,1.09705,1.09726,1.25,1.63
2017.10.13 14:04:00.703,1.09705,1.09725,1.25,1.63
2017.10.13 14:04:01.942,1.09705,1.09727,1.12,1.44
2017.10.13 14:04:02.191,1.09705,1.09727,1.25,1.81
2017.10.13 14:04:02.896,1.09705,1.09727,1.00,1.37
2017.10.13 14:04:05.054,1.09705,1.09727,1.25,1.69
2017.10.13 14:04:05.653,1.09705,1.09727,1.00,1.81
2017.10.13 14:04:06.167,1.09705,1.09727,1.00,2.25
2017.10.13 14:04:06.693,1.09704,1.09725,1.13,1.25
2017.10.13 14:04:07.222,1.09704,1.09725,2.06,1.63
2017.10.13 14:04:07.816,1.09706,1.09725,1.00,1.25
2017.10.13 14:04:08.455,1.09706,1.09725,1.00,1.44
2017.10.13 14:04:08.967,1.09706,1.09725,1.00,1.00
2017.10.13 14:04:09.481,1.09707,1.09725,1.00,1.00
2017.10.13 14:04:09.802,1.09707,1.09723,1.00,1.00
2017.10.13 14:04:09.853,1.09702,1.09719,1.00,1.13
2017.10.13 14:04:09.905,1.09698,1.09719,2.17,1.56
2017.10.13 14:04:10.057,1.09698,1.09719,1.19,1.31
2017.10.13 14:04:10.159,1.09698,1.09719,1.44,1.81
2017.10.13 14:04:10.469,1.09698,1.09717,1.00,1.38
2017.10.13 14:04:11.016,1.09698,1.09717,1.00,1.37
2017.10.13 14:04:11.522,1.09698,1.09719,1.00,1.56
2017.10.13 14:04:12.035,1.09698,1.09719,1.00,1.81
2017.10.13 14:04:12.585,1.09695,1.09716,1.44,1.88
2017.10.13 14:04:12.790,1.09694,1.09716,1.13,1.00
2017.10.13 14:04:12.995,1.09694,1.09716,2.06,1.88
2017.10.13 14:04:13.134,1.09694,1.09716,2.44,1.25
2017.10.13 14:04:13.339,1.09695,1.09716,1.50,1.25
2017.10.13 14:04:13.571,1.09698,1.09719,1.13,1.44
2017.10.13 14:04:14.086,1.09697,1.09719,2.62,1.13
2017.10.13 14:04:14.239,1.09698,1.09719,1.44,1.38
2017.10.13 14:04:16.807,1.09701,1.09719,1.00,1.38
2017.10.13 14:04:17.345,1.09701,1.09721,1.25,1.63
2017.10.13 14:04:17.739,1.097,1.09721,1.50,1.25
2017.10.13 14:04:18.217,1.09701,1.09721,1.00,1.88
2017.10.13 14:04:18.421,1.097,1.09721,1.50,1.25
2017.10.13 14:04:18.620,1.09701,1.0972,1.00,1.75
2017.10.13 14:04:19.142,1.09701,1.09721,1.00,1.88
2017.10.13 14:04:19.690,1.097,1.09721,1.00,2.06
2017.10.13 14:04:20.195,1.097,1.09721,1.25,1.63
2017.10.13 14:04:20.740,1.097,1.09721,1.88,1.88
2017.10.13 14:04:21.402,1.097,1.09721,1.00,1.50
2017.10.13 14:04:21.948,1.097,1.09721,1.50,1.88
2017.10.13 14:04:22.987,1.097,1.09721,1.00,1.50
2017.10.13 14:04:23.591,1.097,1.09721,1.50,1.88
2017.10.13 14:04:24.161,1.097,1.09721,1.50,2.63
2017.10.13 14:04:24.313,1.09699,1.0972,1.25,1.13
2017.10.13 14:04:26.451,1.09699,1.0972,1.12,1.56
2017.10.13 14:04:27.000,1.09699,1.0972,1.12,1.56
2017.10.13 14:04:28.115,1.097,1.0972,1.00,1.31
2017.10.13 14:04:28.626,1.09699,1.0972,1.87,1.44
2017.10.13 14:04:29.232,1.097,1.0972,1.00,1.50
2017.10.13 14:04:30.231,1.09699,1.0972,1.87,1.38
2017.10.13 14:04:30.892,1.097,1.0972,1.00,1.50
2017.10.13 14:04:31.199,1.09705,1.09723,1.00,1.13
2017.10.13 14:04:31.926,1.09704,1.09724,1.00,1.81
2017.10.13 14:04:32.585,1.09705,1.09724,1.00,2.25
2017.10.13 14:04:33.752,1.09704,1.09724,1.00,2.25
2017.10.13 14:04:34.442,1.09704,1.09724,1.00,2.25
2017.10.13 14:04:34.967,1.09705,1.09724,1.00,2.25
2017.10.13 14:04:37.903,1.09704,1.09724,1.00,1.88
2017.10.13 14:04:38.168,1.09707,1.09724,1.00,1.12
2017.10.13 14:04:38.271,1.09704,1.09724,1.25,1.63
2017.10.13 14:04:38.577,1.09704,1.09721,1.00,1.75
2017.10.13 14:04:39.052,1.09703,1.09721,1.00,1.50
2017.10.13 14:04:39.377,1.09706,1.09724,1.44,1.00
2017.10.13 14:04:39.714,1.0971,1.09727,1.19,1.25
2017.10.13 14:04:40.019,1.09714,1.09729,1.00,1.63
2017.10.13 14:04:41.392,1.09714,1.0973,1.00,1.69
2017.10.13 14:04:41.545,1.09709,1.09728,1.00,2.25
2017.10.13 14:04:41.596,1.09707,1.09728,1.50,1.62
2017.10.13 14:04:41.647,1.0971,1.09728,1.00,1.63
2017.10.13 14:04:41.975,1.09713,1.09731,1.00,2.25
2017.10.13 14:04:42.485,1.09712,1.09731,1.00,3.00
2017.10.13 14:04:42.814,1.09713,1.0973,1.00,1.56
2017.10.13 14:04:42.865,1.09712,1.09731,1.00,1.81
2017.10.13 14:04:42.967,1.09713,1.09731,1.00,2.06
2017.10.13 14:04:43.503,1.09713,1.09731,1.00,2.25
2017.10.13 14:04:44.102,1.09712,1.09731,1.00,1.81
2017.10.13 14:04:44.763,1.09713,1.09731,1.00,1.56
2017.10.13 14:04:45.081,1.09712,1.0973,1.00,1.63
2017.10.13 14:04:45.183,1.09713,1.09729,1.00,1.31
2017.10.13 14:04:45.787,1.09713,1.09729,1.00,1.63
2017.10.13 14:04:46.652,1.09712,1.0973,1.00,1.63
2017.10.13 14:04:47.199,1.09713,1.0973,1.00,1.81
2017.10.13 14:04:48.010,1.09713,1.09729,1.00,1.63
2017.10.13 14:04:48.112,1.09712,1.0973,1.00,1.31
2017.10.13 14:04:48.644,1.09712,1.09731,1.00,2.25
2017.10.13 14:04:50.461,1.09712,1.09729,1.50,1.00
2017.10.13 14:04:50.564,1.09713,1.09729,1.00,1.38
2017.10.13 14:04:50.616,1.09713,1.09729,1.00,2.06
2017.10.13 14:04:50.768,1.09713,1.09729,1.00,1.31
2017.10.13 14:04:50.820,1.09713,1.09729,1.00,1.12
2017.10.13 14:04:51.331,1.09712,1.09729,1.00,1.00
2017.10.13 14:04:52.083,1.09713,1.09729,1.00,1.31
2017.10.13 14:04:52.135,1.09713,1.09729,1.00,1.50
2017.10.13 14:04:52.249,1.09712,1.09729,1.00,1.25
2017.10.13 14:04:52.685,1.09713,1.09729,1.00,1.50
2017.10.13 14:04:52.736,1.09712,1.09729,1.00,1.25
2017.10.13 14:04:53.417,1.09713,1.09729,1.00,1.00
2017.10.13 14:04:56.522,1.09711,1.09729,1.00,1.13
2017.10.13 14:04:56.573,1.0971,1.09726,1.00,1.25
2017.10.13 14:04:56.677,1.09708,1.0973,2.25,1.12
2017.10.13 14:04:56.728,1.09712,1.09732,1.25,1.81
2017.10.13 14:04:57.078,1.09716,1.09735,1.00,1.81
2017.10.13 14:04:57.130,1.09718,1.09735,1.00,1.63
2017.10.13 14:04:57.181,1.09718,1.09735,1.00,1.81
2017.10.13 14:04:57.233,1.09711,1.09731,1.50,1.69
2017.10.13 14:04:57.284,1.0971,1.0973,2.44,1.38
2017.10.13 14:04:57.487,1.09706,1.09726,1.13,1.63
2017.10.13 14:04:57.844,1.09706,1.09726,1.25,1.13
2017.10.13 14:04:58.246,1.09704,1.09723,1.50,1.13
2017.10.13 14:04:58.552,1.09703,1.09723,1.00,2.25
2017.10.13 14:04:58.603,1.09701,1.09723,1.13,2.25
2017.10.13 14:04:59.219,1.09701,1.09723,1.88,2.25
2017.10.13 14:05:00.094,1.09702,1.09723,1.00,1.50
2017.10.13 14:05:00.613,1.097,1.09723,1.88,3.19
2017.10.13 14:05:01.155,1.097,1.09723,1.69,1.69
2017.10.13 14:05:01.360,1.09702,1.09723,1.00,1.69
2017.10.13 14:05:02.352,1.097,1.09723,2.44,2.44
2017.10.13 14:05:02.857,1.09701,1.0972,1.13,1.25
2017.10.13 14:05:03.265,1.09699,1.09718,1.19,1.25
2017.10.13 14:05:03.470,1.09697,1.09718,2.44,1.00
2017.10.13 14:05:03.658,1.09699,1.09721,1.63,1.87
2017.10.13 14:05:04.337,1.09701,1.09721,1.13,1.00
2017.10.13 14:05:04.542,1.09697,1.09721,2.81,1.69
2017.10.13 14:05:04.866,1.09699,1.09721,1.63,1.00
2017.10.13 14:05:05.171,1.09706,1.09725,1.44,1.00
2017.10.13 14:05:05.655,1.09704,1.09725,1.00,1.12
2017.10.13 14:05:05.808,1.09707,1.09725,1.00,1.31
2017.10.13 14:05:06.062,1.09707,1.09728,1.00,1.69
2017.10.13 14:05:06.501,1.09708,1.09729,1.13,1.62
2017.10.13 14:05:06.654,1.09709,1.09729,1.00,1.25
2017.10.13 14:05:07.163,1.0971,1.09729,1.00,1.88
2017.10.13 14:05:08.565,1.09709,1.09727,1.00,1.00
2017.10.13 14:05:08.929,1.09707,1.09725,1.69,1.00
2017.10.13 14:05:09.082,1.09707,1.09727,1.69,1.00
2017.10.13 14:05:09.594,1.0971,1.09727,1.00,1.00
2017.10.13 14:05:10.089,1.09707,1.09726,1.69,1.00
2017.10.13 14:05:10.427,1.09707,1.09724,1.69,1.00
2017.10.13 14:05:10.529,1.09706,1.09726,1.88,1.00
2017.10.13 14:05:10.683,1.09707,1.09724,1.25,1.00
2017.10.13 14:05:10.886,1.09704,1.09722,1.50,1.00
2017.10.13 14:05:11.140,1.09706,1.09725,1.00,1.00
2017.10.13 14:05:11.282,1.09708,1.09724,1.00,1.00
2017.10.13 14:05:11.813,1.09709,1.09724,1.00,1.00
2017.10.13 14:05:12.393,1.09708,1.09724,1.00,1.00
2017.10.13 14:05:12.846,1.09705,1.09723,3.56,1.00
2017.10.13 14:05:13.391,1.09705,1.09724,1.50,1.00
2017.10.13 14:05:13.683,1.09702,1.09719,1.00,1.00
2017.10.13 14:05:13.902,1.09701,1.09721,1.44,1.25
2017.10.13 14:05:14.423,1.09701,1.09721,1.69,1.25
2017.10.13 14:05:14.661,1.09703,1.0972,1.00,1.00
2017.10.13 14:05:14.713,1.09703,1.09722,1.00,1.69
2017.10.13 14:05:14.764,1.09703,1.0972,1.25,1.00
2017.10.13 14:05:14.917,1.09702,1.09722,1.69,1.00
2017.10.13 14:05:14.968,1.09702,1.0972,1.00,1.00
2017.10.13 14:05:15.275,1.09703,1.09718,1.00,1.00
2017.10.13 14:05:15.326,1.09703,1.0972,1.00,1.00
2017.10.13 14:05:15.738,1.09702,1.09722,1.50,1.50
2017.10.13 14:05:16.078,1.09701,1.09719,1.00,1.00
2017.10.13 14:05:16.598,1.09701,1.0972,1.50,1.00
2017.10.13 14:05:17.058,1.09701,1.09718,1.00,1.00
2017.10.13 14:05:17.552,1.09698,1.09716,1.44,1.00
2017.10.13 14:05:18.062,1.09697,1.09717,2.81,1.00
2017.10.13 14:05:18.665,1.09698,1.09717,1.31,1.00
2017.10.13 14:05:19.291,1.09699,1.09717,1.44,1.00
2017.10.13 14:05:20.615,1.09697,1.09717,2.06,1.00
2017.10.13 14:05:21.031,1.09699,1.09719,1.31,1.50
2017.10.13 14:05:21.184,1.09701,1.09721,1.13,1.69
2017.10.13 14:05:21.286,1.09701,1.09719,1.31,1.00
2017.10.13 14:05:21.804,1.09701,1.09719,1.31,1.00
2017.10.13 14:05:22.334,1.09701,1.09719,1.12,1.00
2017.10.13 14:05:22.640,1.09701,1.09719,1.50,1.00
2017.10.13 14:05:23.152,1.09701,1.09719,1.31,1.00
2017.10.13 14:05:23.744,1.09701,1.09719,1.25,1.00
2017.10.13 14:05:24.140,1.09704,1.09723,1.75,2.06
2017.10.13 14:05:24.427,1.09704,1.09722,1.00,1.00
2017.10.13 14:05:24.682,1.09704,1.09724,3.56,1.00
2017.10.13 14:05:24.784,1.09709,1.09725,1.00,1.00
2017.10.13 14:05:24.937,1.09706,1.09725,1.13,1.00
2017.10.13 14:05:25.166,1.09705,1.09722,1.25,1.00
2017.10.13 14:05:25.320,1.09704,1.09724,1.50,1.25
2017.10.13 14:05:25.627,1.09706,1.09725,1.44,1.44
2017.10.13 14:05:25.933,1.09704,1.09721,1.25,1.00
2017.10.13 14:05:26.375,1.09705,1.09724,1.56,1.25
2017.10.13 14:05:26.531,1.09704,1.09724,1.88,1.00
2017.10.13 14:05:26.582,1.09704,1.09722,1.50,1.00
2017.10.13 14:05:26.634,1.09704,1.09722,1.25,1.00
2017.10.13 14:05:27.050,1.09704,1.09722,1.88,1.00
2017.10.13 14:05:27.153,1.09706,1.09724,1.00,1.00
2017.10.13 14:05:27.702,1.09706,1.09723,1.00,1.00
2017.10.13 14:05:28.246,1.09704,1.09722,1.13,1.00
2017.10.13 14:05:28.613,1.09707,1.09724,1.00,1.00
2017.10.13 14:05:29.175,1.09707,1.09725,1.31,1.25
2017.10.13 14:05:30.222,1.09706,1.09726,2.06,1.50
2017.10.13 14:05:30.729,1.09706,1.09725,1.13,1.00
2017.10.13 14:05:31.281,1.09706,1.09724,1.25,1.00
2017.10.13 14:05:31.901,1.09706,1.09725,1.25,1.00
2017.10.13 14:05:32.209,1.097,1.09718,1.56,1.00
2017.10.13 14:05:32.515,1.09699,1.09715,1.00,1.00
2017.10.13 14:05:32.567,1.09697,1.09715,1.25,1.00
2017.10.13 14:05:33.118,1.09697,1.09714,1.63,1.00
2017.10.13 14:05:33.170,1.09699,1.0972,1.44,1.00
2017.10.13 14:05:33.222,1.09701,1.09723,1.25,1.62
2017.10.13 14:05:33.375,1.09702,1.09723,1.31,1.69
2017.10.13 14:05:33.697,1.09703,1.09721,1.38,1.00
2017.10.13 14:05:34.025,1.09706,1.09724,1.25,1.12
2017.10.13 14:05:34.542,1.09707,1.09723,1.00,1.00
2017.10.13 14:05:36.554,1.09707,1.09725,1.00,1.00
2017.10.13 14:05:37.427,1.09707,1.09724,1.31,1.00
2017.10.13 14:05:37.937,1.09708,1.09724,1.00,1.00
2017.10.13 14:05:38.679,1.09707,1.09724,1.69,1.00
2017.10.13 14:05:38.932,1.09707,1.09724,1.50,1.00
2017.10.13 14:05:39.445,1.09707,1.09726,1.88,1.00
2017.10.13 14:05:40.005,1.09708,1.09726,1.13,1.00
2017.10.13 14:05:40.552,1.09712,1.09728,1.00,1.44
2017.10.13 14:05:41.755,1.09712,1.09728,1.00,1.25
2017.10.13 14:05:42.369,1.09712,1.09728,1.00,1.44
2017.10.13 14:05:42.780,1.09712,1.0973,1.00,1.31
2017.10.13 14:05:43.650,1.09712,1.09731,1.00,1.81
2017.10.13 14:05:43.752,1.09714,1.09731,1.00,1.37
2017.10.13 14:05:45.138,1.09714,1.0973,1.00,1.63
2017.10.13 14:05:47.263,1.09714,1.0973,1.00,1.37
2017.10.13 14:05:47.904,1.09714,1.09731,1.00,1.44
2017.10.13 14:05:48.259,1.09714,1.0973,1.00,1.31
2017.10.13 14:05:48.812,1.09714,1.0973,1.00,1.19
2017.10.13 14:05:49.479,1.09714,1.0973,1.00,1.44
2017.10.13 14:05:50.097,1.09714,1.0973,1.00,1.19
2017.10.13 14:05:50.659,1.09714,1.0973,1.00,1.44
2017.10.13 14:05:50.811,1.09713,1.0973,1.00,1.25
2017.10.13 14:05:51.339,1.09714,1.0973,1.00,1.25
2017.10.13 14:05:51.785,1.09714,1.09734,1.00,1.81
2017.10.13 14:05:52.040,1.09715,1.09734,1.00,3.19
2017.10.13 14:05:52.599,1.09715,1.09733,1.00,1.37
2017.10.13 14:05:53.382,1.09715,1.09733,1.00,2.44
2017.10.13 14:05:54.144,1.09715,1.09733,1.00,1.69
2017.10.13 14:05:54.609,1.09715,1.09734,1.00,4.13
2017.10.13 14:05:55.200,1.0971,1.09731,1.00,1.69
2017.10.13 14:05:55.251,1.09712,1.09731,1.00,1.69
2017.10.13 14:05:55.380,1.09712,1.09733,1.00,1.88
2017.10.13 14:05:55.432,1.09716,1.09733,1.00,1.62
2017.10.13 14:05:55.534,1.09713,1.09733,1.00,1.31
2017.10.13 14:05:55.586,1.09717,1.09733,1.00,1.81
2017.10.13 14:05:55.638,1.09711,1.09732,1.50,1.56
2017.10.13 14:05:55.791,1.0971,1.09731,1.00,2.06
2017.10.13 14:05:56.782,1.0971,1.09731,1.00,2.25
2017.10.13 14:05:57.293,1.09711,1.0973,1.00,1.19
2017.10.13 14:05:58.342,1.09709,1.0973,1.25,1.75
2017.10.13 14:05:58.877,1.09709,1.09731,1.00,1.88
2017.10.13 14:05:59.393,1.0971,1.09728,1.00,1.63
2017.10.13 14:05:59.940,1.09712,1.0973,1.00,2.63
2017.10.13 14:06:00.246,1.09711,1.0973,1.00,1.56
2017.10.13 14:06:00.538,1.09711,1.0973,1.00,1.00
2017.10.13 14:06:00.774,1.09713,1.0973,1.00,1.00
2017.10.13 14:06:01.125,1.09712,1.0973,1.00,1.31
2017.10.13 14:06:01.587,1.09712,1.0973,1.00,1.25
2017.10.13 14:06:02.122,1.09712,1.0973,1.00,1.87
2017.10.13 14:06:02.175,1.0971,1.0973,1.00,1.75
2017.10.13 14:06:02.227,1.09712,1.0973,1.50,1.19
2017.10.13 14:06:02.534,1.09711,1.09727,1.00,1.00
2017.10.13 14:06:02.662,1.09709,1.09727,1.00,1.00
2017.10.13 14:06:03.186,1.09709,1.09728,1.00,1.13
2017.10.13 14:06:03.710,1.09709,1.09727,1.00,1.00
2017.10.13 14:06:03.864,1.0971,1.0973,1.00,1.69
2017.10.13 14:06:04.633,1.0971,1.09731,1.00,1.56
2017.10.13 14:06:04.735,1.0971,1.09731,1.00,2.06
2017.10.13 14:06:05.293,1.0971,1.0973,1.00,1.56
2017.10.13 14:06:05.702,1.09709,1.09729,1.00,1.38
2017.10.13 14:06:06.234,1.09709,1.09728,1.00,2.63
2017.10.13 14:06:06.557,1.09708,1.09728,1.00,2.25
2017.10.13 14:06:07.137,1.09708,1.09728,1.00,2.81
2017.10.13 14:06:07.768,1.09708,1.09728,1.00,2.63
2017.10.13 14:06:08.196,1.09707,1.09725,1.00,1.88
2017.10.13 14:06:08.718,1.09706,1.09725,1.00,2.00
2017.10.13 14:06:09.247,1.09706,1.09725,1.00,1.81
2017.10.13 14:06:09.761,1.09707,1.09724,1.00,1.50
2017.10.13 14:06:10.334,1.09707,1.09725,1.00,2.25
2017.10.13 14:06:10.921,1.09707,1.09725,1.00,2.25
2017.10.13 14:06:11.226,1.09707,1.09723,1.00,1.38
2017.10.13 14:06:11.278,1.09707,1.09723,1.00,1.25
2017.10.13 14:06:11.937,1.09707,1.09723,1.00,1.38
2017.10.13 14:06:12.445,1.09706,1.09724,1.00,2.81
2017.10.13 14:06:13.078,1.09706,1.09723,1.00,1.38
2017.10.13 14:06:13.633,1.09706,1.09724,1.00,2.06
2017.10.13 14:06:14.442,1.09706,1.09723,1.00,1.38
2017.10.13 14:06:15.184,1.09706,1.09724,1.00,1.63
2017.10.13 14:06:15.894,1.09705,1.09724,1.00,1.63
2017.10.13 14:06:16.047,1.09705,1.09723,1.00,1.25
2017.10.13 14:06:17.335,1.09705,1.09723,1.00,1.44
2017.10.13 14:06:17.512,1.09705,1.09724,1.00,2.63
2017.10.13 14:06:17.667,1.09705,1.09722,1.00,1.00
2017.10.13 14:06:17.820,1.09707,1.09725,1.00,1.25
2017.10.13 14:06:17.922,1.09705,1.09725,1.50,1.38
2017.10.13 14:06:18.467,1.09705,1.09723,1.50,1.44
2017.10.13 14:06:18.674,1.09705,1.09725,1.00,1.88
2017.10.13 14:06:18.776,1.097,1.09718,1.37,1.00
2017.10.13 14:06:18.828,1.09702,1.09721,1.00,2.44
2017.10.13 14:06:19.294,1.09704,1.09721,1.25,1.12
2017.10.13 14:06:19.814,1.09703,1.09721,1.00,1.50
2017.10.13 14:06:19.865,1.09702,1.09721,1.00,1.31
2017.10.13 14:06:19.917,1.097,1.09721,1.50,2.25
2017.10.13 14:06:20.070,1.09698,1.09719,1.00,1.63
2017.10.13 14:06:21.175,1.09698,1.09719,1.44,1.69
2017.10.13 14:06:21.719,1.09698,1.09719,1.25,1.69
2017.10.13 14:06:21.770,1.09701,1.09719,1.00,1.25
2017.10.13 14:06:22.076,1.09705,1.09726,1.00,1.31
2017.10.13 14:06:22.178,1.09705,1.09725,1.00,2.00
2017.10.13 14:06:22.229,1.09705,1.09726,1.00,1.50
2017.10.13 14:06:22.331,1.09705,1.09727,1.63,1.00
2017.10.13 14:06:22.468,1.09708,1.09727,1.25,1.00
2017.10.13 14:06:22.774,1.09713,1.09729,1.00,1.63
2017.10.13 14:06:22.826,1.09714,1.09732,1.25,1.25
2017.10.13 14:06:23.184,1.09714,1.09735,1.13,1.31
2017.10.13 14:06:23.733,1.09714,1.09735,1.31,1.12
2017.10.13 14:06:23.835,1.09715,1.09735,1.13,1.56
2017.10.13 14:06:23.936,1.09714,1.09735,1.31,1.31
2017.10.13 14:06:24.444,1.09715,1.09735,1.44,1.63
2017.10.13 14:06:24.546,1.09713,1.09735,1.25,1.00
2017.10.13 14:06:24.634,1.09715,1.09735,1.25,1.37
2017.10.13 14:06:25.194,1.09714,1.09735,2.06,1.12
2017.10.13 14:06:25.716,1.09715,1.09735,1.31,1.37
2017.10.13 14:06:26.379,1.09714,1.09735,2.25,1.12
2017.10.13 14:06:26.905,1.09715,1.09735,1.63,1.44
2017.10.13 14:06:27.667,1.09718,1.09737,1.00,1.25
2017.10.13 14:06:27.718,1.09718,1.09737,1.38,1.25
2017.10.13 14:06:31.297,1.09719,1.0974,1.25,1.44
2017.10.13 14:06:31.500,1.09718,1.09736,1.44,1.00
2017.10.13 14:06:31.653,1.09712,1.09733,1.00,1.00
2017.10.13 14:06:31.704,1.09712,1.09733,2.06,1.13
2017.10.13 14:06:31.755,1.09712,1.09733,1.13,1.00
2017.10.13 14:06:31.857,1.09712,1.09733,2.06,1.63
2017.10.13 14:06:32.262,1.09712,1.09733,1.69,1.25
2017.10.13 14:06:32.778,1.09712,1.09733,1.25,1.87
2017.10.13 14:06:33.869,1.09712,1.09733,1.25,1.87
2017.10.13 14:06:34.605,1.09712,1.09733,1.25,1.87
2017.10.13 14:06:35.139,1.09709,1.09731,1.13,1.88
2017.10.13 14:06:35.393,1.09709,1.09732,2.63,1.38
2017.10.13 14:06:35.444,1.09709,1.09732,1.88,1.38
2017.10.13 14:06:35.496,1.09709,1.09732,2.25,1.00
2017.10.13 14:06:35.998,1.09712,1.09734,1.00,1.56
2017.10.13 14:06:36.463,1.09712,1.09734,1.19,1.00
2017.10.13 14:06:36.920,1.09712,1.09734,1.81,1.88
2017.10.13 14:06:37.458,1.09712,1.09733,1.00,2.06
2017.10.13 14:06:37.687,1.09709,1.09733,3.19,1.25
2017.10.13 14:06:37.738,1.09714,1.09734,1.00,1.00
2017.10.13 14:06:38.281,1.09714,1.09734,2.63,1.00
2017.10.13 14:06:38.799,1.09715,1.09734,1.63,1.00
2017.10.13 14:06:41.870,1.09714,1.09734,2.06,1.00
2017.10.13 14:06:42.277,1.09715,1.09734,1.56,1.00
2017.10.13 14:06:42.379,1.09713,1.09734,2.06,1.12
2017.10.13 14:06:44.296,1.09713,1.09733,1.31,1.00
2017.10.13 14:06:45.801,1.09713,1.09733,1.25,1.25
2017.10.13 14:06:45.853,1.09709,1.09733,2.44,1.88
2017.10.13 14:06:45.905,1.09708,1.0973,1.50,1.63
2017.10.13 14:06:46.406,1.09708,1.09727,1.00,1.25
2017.10.13 14:06:46.711,1.09708,1.0973,1.25,1.31
2017.10.13 14:06:47.252,1.09708,1.0973,1.50,1.87
2017.10.13 14:06:47.762,1.09708,1.0973,1.13,1.44
2017.10.13 14:06:48.700,1.09708,1.0973,1.50,2.06
2017.10.13 14:06:49.313,1.09708,1.0973,1.50,1.87
2017.10.13 14:06:50.466,1.09708,1.0973,1.31,1.87
2017.10.13 14:06:50.569,1.09706,1.09725,1.50,1.00
2017.10.13 14:06:50.929,1.09703,1.09725,1.13,1.00
2017.10.13 14:06:50.980,1.09703,1.09725,1.56,1.50
2017.10.13 14:06:51.538,1.09703,1.09723,1.13,1.25
2017.10.13 14:06:51.590,1.09701,1.09722,2.06,1.44
2017.10.13 14:06:52.132,1.09701,1.09722,1.81,1.25
2017.10.13 14:06:53.203,1.09701,1.09722,1.31,1.00
2017.10.13 14:06:53.536,1.09703,1.09724,2.06,1.00
2017.10.13 14:06:54.056,1.09705,1.09727,1.88,1.69
2017.10.13 14:06:54.606,1.09705,1.09727,1.13,1.50
2017.10.13 14:06:55.549,1.09705,1.09727,1.88,1.50
2017.10.13 14:06:58.398,1.09705,1.09727,1.00,1.87
2017.10.13 14:06:58.904,1.09705,1.09726,1.56,1.00
2017.10.13 14:06:59.872,1.09705,1.09727,1.31,1.50
2017.10.13 14:07:00.389,1.09705,1.09726,1.56,1.00
2017.10.13 14:07:02.808,1.09705,1.09726,1.38,1.38
2017.10.13 14:07:03.342,1.09705,1.09726,1.38,1.38
2017.10.13 14:07:03.393,1.09705,1.09727,1.25,1.69
2017.10.13 14:07:03.890,1.09705,1.09726,1.63,1.38
2017.10.13 14:07:03.942,1.09705,1.09726,1.13,1.38
2017.10.13 14:07:03.993,1.09705,1.09727,1.31,1.88
2017.10.13 14:07:04.520,1.09705,1.09726,2.06,1.44
2017.10.13 14:07:05.578,1.09705,1.09726,2.06,1.44
2017.10.13 14:07:05.781,1.09705,1.09726,1.87,1.00
2017.10.13 14:07:06.543,1.09706,1.09726,1.00,1.13
2017.10.13 14:07:07.151,1.09705,1.09726,1.69,1.44
2017.10.13 14:07:08.180,1.09705,1.09726,1.50,1.38
2017.10.13 14:07:09.360,1.09705,1.09727,1.31,1.88
2017.10.13 14:07:10.175,1.09705,1.09726,1.81,1.38
2017.10.13 14:07:10.521,1.09705,1.09726,1.81,1.00
2017.10.13 14:07:10.913,1.09705,1.09727,1.25,1.88
2017.10.13 14:07:11.418,1.09705,1.09726,1.31,1.44
2017.10.13 14:07:11.550,1.09707,1.09726,2.44,1.44
2017.10.13 14:07:11.705,1.09713,1.09734,3.00,1.00
2017.10.13 14:07:11.756,1.09714,1.09734,1.38,1.00
2017.10.13 14:07:13.000,1.09714,1.09734,1.63,1.00
2017.10.13 14:07:14.219,1.09713,1.09734,1.81,1.00
2017.10.13 14:07:14.751,1.09713,1.09734,1.81,1.00
2017.10.13 14:07:18.008,1.09713,1.09734,1.75,1.00
2017.10.13 14:07:23.001,1.09713,1.09734,1.75,1.00
2017.10.13 14:07:23.571,1.09713,1.09734,1.75,1.00
2017.10.13 14:07:24.213,1.09713,1.09734,3.00,1.00
2017.10.13 14:07:24.722,1.09713,1.09734,1.75,1.00
2017.10.13 14:07:25.308,1.09713,1.09734,1.75,1.00
2017.10.13 14:07:26.548,1.09716,1.09735,1.25,1.25
2017.10.13 14:07:26.854,1.09716,1.09731,1.19,1.00
2017.10.13 14:07:26.957,1.09713,1.09732,1.63,1.00
2017.10.13 14:07:28.247,1.09713,1.09732,1.25,1.00
2017.10.13 14:07:28.838,1.09713,1.09732,1.88,1.25
2017.10.13 14:07:29.697,1.09713,1.09732,1.44,1.00
2017.10.13 14:07:32.310,1.09713,1.09732,2.06,1.25
2017.10.13 14:07:33.043,1.09713,1.09732,1.19,1.00
2017.10.13 14:07:33.298,1.09713,1.0973,1.25,1.00
2017.10.13 14:07:38.155,1.09711,1.09728,1.81,1.00
2017.10.13 14:07:38.460,1.09708,1.09726,1.88,1.00
2017.10.13 14:07:39.888,1.09707,1.09726,2.63,1.00
2017.10.13 14:07:40.066,1.09707,1.09724,2.63,1.00
2017.10.13 14:07:41.253,1.09705,1.09724,2.06,1.00
2017.10.13 14:07:41.910,1.09705,1.09724,2.06,1.00
2017.10.13 14:07:42.063,1.09702,1.09719,3.19,1.00
2017.10.13 14:07:42.684,1.09704,1.09719,1.63,1.00
2017.10.13 14:07:43.043,1.09704,1.09719,1.81,1.00
2017.10.13 14:07:43.532,1.09705,1.09719,1.50,1.00
2017.10.13 14:07:44.093,1.09707,1.09719,1.88,1.00
2017.10.13 14:07:44.789,1.09706,1.09719,1.69,1.00
2017.10.13 14:07:45.415,1.09707,1.09719,1.31,1.00
2017.10.13 14:07:46.499,1.09706,1.09719,1.44,1.00
2017.10.13 14:07:46.969,1.09702,1.09719,3.37,1.00
2017.10.13 14:07:47.020,1.09701,1.09717,2.06,1.00
2017.10.13 14:07:47.071,1.09699,1.09716,1.56,1.00
2017.10.13 14:07:47.122,1.09698,1.09716,1.88,1.00
2017.10.13 14:07:47.225,1.09699,1.09714,1.44,1.00
2017.10.13 14:07:47.772,1.09698,1.09714,1.88,1.00
2017.10.13 14:07:48.289,1.09698,1.09714,1.25,1.00
2017.10.13 14:07:48.782,1.097,1.09718,1.19,1.00
2017.10.13 14:07:48.834,1.097,1.09718,1.12,1.00
2017.10.13 14:07:50.103,1.09699,1.09718,2.62,1.00
2017.10.13 14:07:50.364,1.097,1.09718,1.69,1.00
2017.10.13 14:07:51.000,1.09704,1.09718,1.56,1.00
2017.10.13 14:07:51.052,1.09705,1.09718,1.19,1.00
2017.10.13 14:07:51.205,1.09706,1.09722,1.00,1.88
2017.10.13 14:07:51.546,1.09703,1.09722,1.00,1.88
2017.10.13 14:07:52.132,1.09703,1.09722,1.00,1.00
2017.10.13 14:07:52.755,1.09702,1.09722,1.25,1.00
2017.10.13 14:07:52.909,1.09702,1.09722,1.19,1.00
2017.10.13 14:07:54.141,1.09703,1.09722,1.88,1.00
2017.10.13 14:07:55.247,1.09702,1.09722,2.25,1.00
2017.10.13 14:07:56.955,1.09704,1.09722,1.50,1.00
2017.10.13 14:07:57.210,1.09703,1.09722,2.25,1.00
2017.10.13 14:07:57.363,1.09704,1.09722,1.56,1.00
2017.10.13 14:07:57.926,1.09706,1.09722,1.19,1.00
2017.10.13 14:07:58.817,1.09706,1.09725,2.81,1.00
2017.10.13 14:07:59.356,1.09706,1.09725,2.44,1.00
2017.10.13 14:07:59.458,1.09705,1.09725,1.56,1.50
2017.10.13 14:07:59.980,1.09707,1.09725,1.25,1.00
2017.10.13 14:08:00.031,1.09707,1.09725,1.38,1.00
2017.10.13 14:08:02.946,1.09707,1.09725,1.69,1.00
2017.10.13 14:08:03.764,1.09707,1.09725,1.69,1.00
2017.10.13 14:08:04.108,1.09709,1.09725,1.00,1.00
2017.10.13 14:08:05.234,1.09708,1.09725,1.25,1.00
2017.10.13 14:08:05.786,1.09709,1.09725,1.00,1.00
2017.10.13 14:08:06.299,1.09709,1.09725,1.44,1.00
2017.10.13 14:08:06.812,1.09709,1.09725,1.25,1.00
2017.10.13 14:08:08.739,1.09706,1.09725,1.75,1.00
2017.10.13 14:08:09.149,1.09702,1.09725,4.69,1.50
2017.10.13 14:08:09.455,1.09703,1.09723,1.88,1.00
2017.10.13 14:08:10.625,1.09704,1.09723,2.25,1.00
2017.10.13 14:08:10.829,1.09704,1.09723,2.81,1.00
2017.10.13 14:08:11.322,1.09708,1.09723,1.00,1.00
2017.10.13 14:08:12.157,1.09709,1.09723,1.00,1.00
2017.10.13 14:08:13.052,1.09708,1.09723,1.25,1.00
2017.10.13 14:08:15.477,1.09707,1.09723,1.00,1.00
2017.10.13 14:08:15.978,1.09707,1.09723,1.19,1.00
2017.10.13 14:08:19.150,1.09707,1.09723,1.25,1.00
2017.10.13 14:08:20.299,1.09706,1.09723,1.25,1.00
2017.10.13 14:08:22.239,1.09705,1.09723,2.06,1.00
2017.10.13 14:08:22.986,1.09705,1.09723,2.06,1.00
2017.10.13 14:08:23.373,1.09708,1.09723,1.00,1.00
2017.10.13 14:08:25.547,1.09709,1.09726,1.00,1.19
2017.10.13 14:08:26.062,1.09709,1.09726,1.00,1.25
2017.10.13 14:08:26.615,1.09709,1.09726,1.00,1.19
2017.10.13 14:08:27.160,1.09708,1.09726,1.00,1.25
2017.10.13 14:08:27.262,1.09713,1.09728,1.69,1.00
2017.10.13 14:08:27.416,1.09718,1.09735,1.00,1.12
2017.10.13 14:08:27.604,1.0972,1.09736,1.00,1.50
2017.10.13 14:08:28.218,1.09718,1.09736,1.00,1.50
2017.10.13 14:08:28.762,1.09718,1.09736,1.19,1.87
2017.10.13 14:08:29.478,1.09718,1.09736,1.50,3.00
2017.10.13 14:08:29.530,1.09719,1.09734,1.00,1.13
2017.10.13 14:08:29.581,1.09717,1.09733,1.00,1.25
2017.10.13 14:08:29.632,1.09712,1.0973,1.37,1.13
2017.10.13 14:08:29.736,1.0971,1.09728,1.12,1.00
2017.10.13 14:08:30.245,1.0971,1.09728,1.00,2.06
2017.10.13 14:08:30.805,1.09711,1.09728,1.00,1.00
2017.10.13 14:08:31.215,1.09713,1.09728,1.00,1.00
2017.10.13 14:08:32.043,1.0971,1.09728,1.00,1.00
2017.10.13 14:08:32.578,1.09713,1.09728,1.00,1.00
2017.10.13 14:08:32.938,1.09715,1.09728,1.00,1.00
2017.10.13 14:08:36.219,1.09715,1.09732,1.00,1.63
2017.10.13 14:08:36.323,1.09714,1.09732,1.00,2.81
2017.10.13 14:08:36.375,1.09715,1.09732,1.19,1.12
2017.10.13 14:08:36.681,1.09718,1.09734,1.00,2.06
2017.10.13 14:08:37.028,1.09716,1.09732,1.00,1.87
2017.10.13 14:08:37.567,1.09716,1.09732,1.00,1.44
2017.10.13 14:08:38.724,1.09716,1.09732,1.00,1.25
2017.10.13 14:08:40.029,1.09717,1.09732,1.00,1.25
2017.10.13 14:08:40.560,1.09718,1.09732,1.00,1.25
2017.10.13 14:08:46.817,1.09718,1.09735,1.00,1.87
2017.10.13 14:08:46.920,1.09716,1.09732,1.00,1.44
2017.10.13 14:08:47.118,1.09714,1.09732,1.00,1.50
2017.10.13 14:08:47.169,1.09712,1.09729,1.00,1.00
2017.10.13 14:08:47.271,1.09711,1.09731,1.25,1.00
2017.10.13 14:08:47.322,1.09713,1.09731,1.00,1.00
2017.10.13 14:08:47.628,1.09716,1.09734,1.00,1.25
2017.10.13 14:08:47.973,1.09719,1.09734,1.00,1.00
2017.10.13 14:08:48.484,1.09718,1.09733,1.00,1.31
2017.10.13 14:08:48.803,1.09713,1.09728,1.00,1.00
2017.10.13 14:08:49.454,1.09713,1.09729,1.00,1.00
2017.10.13 14:08:49.982,1.09714,1.09728,1.00,2.06
2017.10.13 14:08:50.033,1.09712,1.09728,1.00,2.06
2017.10.13 14:08:51.019,1.0971,1.09728,1.00,2.06
2017.10.13 14:08:51.183,1.09712,1.09728,1.00,2.25
2017.10.13 14:08:51.692,1.09712,1.09728,1.00,2.06
2017.10.13 14:08:52.263,1.09711,1.09728,1.00,2.25
2017.10.13 14:08:52.775,1.09711,1.09728,1.00,2.25
2017.10.13 14:08:53.132,1.09711,1.09728,1.00,2.25
2017.10.13 14:08:54.438,1.09711,1.09728,1.00,1.50
2017.10.13 14:08:54.489,1.09711,1.09728,1.00,2.06
2017.10.13 14:08:54.540,1.09712,1.09726,1.00,1.00
2017.10.13 14:08:54.898,1.09712,1.09725,1.00,1.44
2017.10.13 14:08:54.950,1.09713,1.09728,1.00,1.00
2017.10.13 14:08:55.002,1.09715,1.09728,1.00,1.00
2017.10.13 14:08:55.308,1.09719,1.09731,1.00,1.50
2017.10.13 14:08:56.205,1.09717,1.09734,1.44,1.12
2017.10.13 14:08:56.411,1.09719,1.09734,1.63,1.00
2017.10.13 14:08:56.513,1.09724,1.09739,1.00,1.00
2017.10.13 14:08:57.204,1.09723,1.09739,1.00,2.62
2017.10.13 14:08:57.730,1.09723,1.09738,1.00,1.00
2017.10.13 14:08:58.246,1.09724,1.09739,1.00,1.50
2017.10.13 14:09:00.435,1.09723,1.09739,1.00,1.00
2017.10.13 14:09:00.981,1.09724,1.09739,1.00,1.00
2017.10.13 14:09:02.893,1.09725,1.09739,1.00,1.00
2017.10.13 14:09:06.238,1.09724,1.09739,1.00,1.00
2017.10.13 14:09:06.749,1.09723,1.09739,1.25,1.44
2017.10.13 14:09:07.286,1.09723,1.09737,1.00,1.00
2017.10.13 14:09:07.493,1.09721,1.09737,1.00,1.00
2017.10.13 14:09:08.083,1.0972,1.09737,1.00,1.00
2017.10.13 14:09:08.629,1.0972,1.09738,1.00,1.25
2017.10.13 14:09:09.239,1.09721,1.09738,1.00,1.25
2017.10.13 14:09:10.058,1.09719,1.09738,1.00,1.00
2017.10.13 14:09:10.324,1.09721,1.09736,1.00,1.25
2017.10.13 14:09:10.527,1.09719,1.09736,1.25,1.25
2017.10.13 14:09:11.571,1.0972,1.09736,1.00,1.25
2017.10.13 14:09:12.242,1.09722,1.09739,1.00,1.50
2017.10.13 14:09:12.395,1.09722,1.09741,1.44,1.25
2017.10.13 14:09:12.446,1.09722,1.09741,1.00,3.37
2017.10.13 14:09:12.723,1.09723,1.09735,1.00,1.00
2017.10.13 14:09:12.775,1.0972,1.09735,1.00,1.00
2017.10.13 14:09:13.030,1.0972,1.09735,1.00,1.38
2017.10.13 14:09:13.356,1.09718,1.09735,1.00,1.38
2017.10.13 14:09:13.870,1.09719,1.09733,1.00,1.25
2017.10.13 14:09:14.344,1.0972,1.09736,1.00,1.00
2017.10.13 14:09:14.702,1.09722,1.09736,1.00,1.00
2017.10.13 14:09:14.804,1.09722,1.09739,1.00,1.69
2017.10.13 14:09:14.957,1.09723,1.09739,1.00,1.37
2017.10.13 14:09:15.345,1.09723,1.09739,1.00,1.00
2017.10.13 14:09:16.036,1.09723,1.09739,1.00,1.44
2017.10.13 14:09:16.349,1.09722,1.09736,1.00,1.00
2017.10.13 14:09:17.182,1.09721,1.09736,1.00,1.31
2017.10.13 14:09:17.323,1.09718,1.09733,1.00,1.00
2017.10.13 14:09:17.374,1.09718,1.09736,1.00,1.87
2017.10.13 14:09:17.425,1.09718,1.09734,1.00,1.25
2017.10.13 14:09:17.731,1.09717,1.09733,1.00,1.44
2017.10.13 14:09:18.054,1.09717,1.09733,1.00,1.56
2017.10.13 14:09:18.597,1.09717,1.09733,1.00,1.38
2017.10.13 14:09:19.544,1.09717,1.09733,1.00,1.88
2017.10.13 14:09:21.133,1.09718,1.09733,1.00,1.50
2017.10.13 14:09:21.777,1.09718,1.09733,1.00,2.06
2017.10.13 14:09:23.075,1.09713,1.09729,1.00,1.19
2017.10.13 14:09:23.482,1.09717,1.09733,1.00,3.56
2017.10.13 14:09:23.635,1.09717,1.09733,1.00,1.25
2017.10.13 14:09:23.738,1.09717,1.09733,1.00,1.87
2017.10.13 14:09:23.790,1.09715,1.09732,1.00,1.31
2017.10.13 14:09:23.989,1.09715,1.09729,1.00,1.00
2017.10.13 14:09:24.525,1.09717,1.09732,1.00,1.00
2017.10.13 14:09:25.069,1.09718,1.09735,1.00,1.81
2017.10.13 14:09:25.222,1.0972,1.09735,1.00,1.44
2017.10.13 14:09:25.725,1.09719,1.09735,1.00,1.00
2017.10.13 14:09:26.239,1.09719,1.09735,1.00,1.44
2017.10.13 14:09:26.580,1.09716,1.09733,1.00,1.38
2017.10.13 14:09:26.784,1.09719,1.09735,1.00,1.44
2017.10.13 14:09:26.887,1.0972,1.09737,1.00,1.50
2017.10.13 14:09:27.406,1.0972,1.09737,1.00,1.31
2017.10.13 14:09:27.601,1.09717,1.09734,1.00,1.00
2017.10.13 14:09:27.703,1.09717,1.09733,1.00,1.87
2017.10.13 14:09:27.754,1.09715,1.09733,1.00,1.69
2017.10.13 14:09:27.858,1.09716,1.09733,1.00,1.25
2017.10.13 14:09:27.909,1.09716,1.09733,1.00,1.62
2017.10.13 14:09:28.215,1.09715,1.09732,1.00,1.69
2017.10.13 14:09:28.371,1.09713,1.09729,1.00,1.50
2017.10.13 14:09:28.882,1.09712,1.09727,1.00,1.00
2017.10.13 14:09:29.431,1.09713,1.09727,1.00,1.00
2017.10.13 14:09:30.697,1.09712,1.09727,1.00,1.00
2017.10.13 14:09:31.209,1.09714,1.09727,1.00,1.00
2017.10.13 14:09:33.519,1.09714,1.09727,1.00,1.19
2017.10.13 14:09:33.571,1.09714,1.09727,1.00,1.00
2017.10.13 14:09:34.083,1.09714,1.09729,1.00,1.25
2017.10.13 14:09:34.592,1.09714,1.0973,1.00,1.00
2017.10.13 14:09:35.116,1.09714,1.09729,1.00,1.00
2017.10.13 14:09:36.178,1.09714,1.0973,1.00,1.13
2017.10.13 14:09:36.758,1.09714,1.0973,1.00,1.31
2017.10.13 14:09:36.983,1.09712,1.0973,1.00,1.63
2017.10.13 14:09:37.288,1.09715,1.0973,1.00,1.00
2017.10.13 14:09:37.593,1.09719,1.09734,1.00,1.00
2017.10.13 14:09:38.047,1.09719,1.09736,1.00,1.69
2017.10.13 14:09:39.479,1.09719,1.09736,1.19,1.69
2017.10.13 14:09:39.581,1.09724,1.09742,1.19,1.00
2017.10.13 14:09:39.785,1.09725,1.0974,1.00,1.25
2017.10.13 14:09:40.293,1.09724,1.0974,1.00,1.25
2017.10.13 14:09:40.505,1.09725,1.09744,1.25,1.62
2017.10.13 14:09:40.833,1.09726,1.09741,1.00,1.00
2017.10.13 14:09:41.288,1.09725,1.09742,1.00,1.37
2017.10.13 14:09:41.421,1.09723,1.09741,1.00,1.44
2017.10.13 14:09:41.626,1.09725,1.09742,1.00,1.25
2017.10.13 14:09:41.932,1.09724,1.0974,1.00,1.63
2017.10.13 14:09:41.983,1.09722,1.09739,1.00,1.50
2017.10.13 14:09:42.113,1.0972,1.09739,1.00,1.50
2017.10.13 14:09:42.170,1.09718,1.09736,1.50,1.25
2017.10.13 14:09:42.323,1.09719,1.09737,1.00,1.69
2017.10.13 14:09:42.679,1.09717,1.09734,1.00,1.50
2017.10.13 14:09:42.909,1.09715,1.09731,1.00,1.00
2017.10.13 14:09:43.424,1.09716,1.09731,1.00,1.44
2017.10.13 14:09:43.935,1.09717,1.09731,1.00,1.25
2017.10.13 14:09:44.738,1.09716,1.09731,1.00,1.25
2017.10.13 14:09:44.887,1.09713,1.09728,1.00,1.00
2017.10.13 14:09:44.989,1.0971,1.09728,1.00,1.87
2017.10.13 14:09:45.538,1.09711,1.09728,1.00,1.87
2017.10.13 14:09:46.150,1.09713,1.09727,1.00,1.44
2017.10.13 14:09:46.252,1.09712,1.09728,1.00,1.87
2017.10.13 14:09:46.821,1.0971,1.09727,1.00,1.44
2017.10.13 14:09:47.387,1.0971,1.09728,1.00,2.06
2017.10.13 14:09:47.891,1.0971,1.09727,1.00,1.31
2017.10.13 14:09:48.404,1.0971,1.09727,1.00,1.38
2017.10.13 14:09:48.965,1.09711,1.09727,1.00,2.06
2017.10.13 14:09:52.120,1.09711,1.09728,1.00,1.87
2017.10.13 14:09:52.668,1.09711,1.09727,1.00,1.31
2017.10.13 14:09:53.126,1.09709,1.09728,1.00,1.88
2017.10.13 14:09:53.178,1.09711,1.09725,1.00,1.00
2017.10.13 14:09:53.229,1.09709,1.09725,1.00,1.00
2017.10.13 14:09:53.742,1.09708,1.09725,1.00,1.44
2017.10.13 14:09:54.263,1.09709,1.09725,1.00,1.25
2017.10.13 14:09:54.868,1.09709,1.09725,1.00,1.44
2017.10.13 14:09:55.529,1.09709,1.09725,1.00,1.25
2017.10.13 14:09:56.109,1.09709,1.09725,1.00,1.44
2017.10.13 14:09:56.583,1.09711,1.09728,1.00,1.25
2017.10.13 14:09:56.685,1.09711,1.09727,1.00,1.31
2017.10.13 14:09:57.131,1.09711,1.09728,1.00,1.12
2017.10.13 14:09:57.652,1.09712,1.09729,1.00,2.63
2017.10.13 14:09:58.161,1.09712,1.09729,1.00,2.44
2017.10.13 14:09:58.572,1.09712,1.09729,1.00,2.44
2017.10.13 14:09:58.839,1.09712,1.09729,1.00,2.44
2017.10.13 14:09:59.423,1.09712,1.09725,1.00,1.00
2017.10.13 14:09:59.677,1.09709,1.09725,1.00,1.25
2017.10.13 14:09:59.808,1.09711,1.09725,1.00,1.44
2017.10.13 14:10:00.907,1.09711,1.09725,1.00,1.00
2017.10.13 14:10:01.466,1.09717,1.09735,1.00,4.50
2017.10.13 14:10:01.624,1.09717,1.09734,1.00,1.94
2017.10.13 14:10:01.726,1.09719,1.09733,1.00,1.00
2017.10.13 14:10:01.777,1.09718,1.09736,1.00,1.63
2017.10.13 14:10:01.880,1.0972,1.09737,1.00,1.81
2017.10.13 14:10:01.984,1.09717,1.09734,1.00,1.13
2017.10.13 14:10:02.644,1.09717,1.09734,1.25,1.44
2017.10.13 14:10:02.899,1.09719,1.09738,1.00,2.25
2017.10.13 14:10:03.072,1.09719,1.09738,1.00,3.00
2017.10.13 14:10:03.545,1.09719,1.09738,1.00,2.81
2017.10.13 14:10:03.698,1.09719,1.09738,1.00,2.06
2017.10.13 14:10:04.035,1.0972,1.0974,1.00,3.00
2017.10.13 14:10:04.556,1.09721,1.09738,1.00,2.06
2017.10.13 14:10:04.901,1.09723,1.09739,1.00,1.31
2017.10.13 14:10:05.025,1.09723,1.09738,1.00,1.50
2017.10.13 14:10:05.076,1.09719,1.09736,1.00,1.81
2017.10.13 14:10:05.230,1.09718,1.09734,1.00,1.56
2017.10.13 14:10:05.588,1.09716,1.09734,1.00,1.94
2017.10.13 14:10:06.091,1.09716,1.09733,1.00,2.00
2017.10.13 14:10:06.630,1.09716,1.09733,1.00,2.25
2017.10.13 14:10:07.155,1.09715,1.09733,1.00,1.69
2017.10.13 14:10:07.258,1.09715,1.09731,1.00,1.56
2017.10.13 14:10:07.513,1.09713,1.09731,1.00,1.81
2017.10.13 14:10:08.042,1.09714,1.09731,1.00,1.62
2017.10.13 14:10:08.549,1.09715,1.09733,1.00,2.25
2017.10.13 14:10:09.204,1.09715,1.0973,1.00,1.63
2017.10.13 14:10:09.710,1.09714,1.0973,1.00,1.63
2017.10.13 14:10:10.222,1.09714,1.0973,1.00,1.38
2017.10.13 14:10:10.455,1.09714,1.0973,1.00,1.00
2017.10.13 14:10:10.507,1.09718,1.09732,1.00,1.44
2017.10.13 14:10:10.559,1.09716,1.09731,1.00,1.25
2017.10.13 14:10:11.099,1.09715,1.09731,1.00,1.25
2017.10.13 14:10:11.205,1.09715,1.09731,1.00,1.44
2017.10.13 14:10:11.904,1.09715,1.09732,1.00,2.06
2017.10.13 14:10:12.269,1.09714,1.09732,1.00,1.00
2017.10.13 14:10:12.321,1.09716,1.09732,1.00,1.00
2017.10.13 14:10:12.423,1.09718,1.09736,1.00,1.56
2017.10.13 14:10:12.945,1.09718,1.09734,1.00,1.25
2017.10.13 14:10:12.996,1.0972,1.09737,1.00,2.06
2017.10.13 14:10:13.519,1.0972,1.09737,1.00,1.37
2017.10.13 14:10:14.046,1.0972,1.09737,1.00,2.25
2017.10.13 14:10:14.409,1.09718,1.09737,1.00,2.25
2017.10.13 14:10:14.793,1.09719,1.09735,1.00,1.81
2017.10.13 14:10:14.846,1.09719,1.09735,1.00,1.56
2017.10.13 14:10:14.999,1.09718,1.09735,1.00,1.69
2017.10.13 14:10:15.542,1.09717,1.09734,1.00,1.75
2017.10.13 14:10:15.594,1.09715,1.09734,1.00,1.75
2017.10.13 14:10:15.850,1.09712,1.0973,1.00,2.06
2017.10.13 14:10:16.055,1.09712,1.0973,1.00,1.88
2017.10.13 14:10:16.605,1.09712,1.0973,1.00,1.37
2017.10.13 14:10:17.380,1.09714,1.0973,1.00,1.44
2017.10.13 14:10:17.924,1.09714,1.0973,1.00,1.44
2017.10.13 14:10:18.601,1.09713,1.0973,1.00,3.19
2017.10.13 14:10:19.125,1.09713,1.0973,1.00,2.25
2017.10.13 14:10:19.304,1.09713,1.0973,1.00,1.50
2017.10.13 14:10:19.511,1.09713,1.0973,1.00,2.25
2017.10.13 14:10:19.658,1.09713,1.0973,1.00,1.50
2017.10.13 14:10:19.923,1.0971,1.09727,1.00,1.69
2017.10.13 14:10:19.974,1.09709,1.09726,1.00,1.87
2017.10.13 14:10:20.026,1.09705,1.09724,1.00,1.44
2017.10.13 14:10:20.128,1.0971,1.09725,1.00,1.00
2017.10.13 14:10:20.484,1.09709,1.09727,1.00,1.25
2017.10.13 14:10:21.794,1.09709,1.09727,1.00,1.38
2017.10.13 14:10:21.898,1.09709,1.09727,1.00,1.00
2017.10.13 14:10:22.755,1.09709,1.09727,1.00,1.31
2017.10.13 14:10:23.274,1.0971,1.09727,1.00,1.62
2017.10.13 14:10:23.784,1.09709,1.09727,1.00,1.94
2017.10.13 14:10:24.307,1.0971,1.09727,1.00,1.62
2017.10.13 14:10:25.302,1.0971,1.09727,1.00,1.25
2017.10.13 14:10:25.604,1.0971,1.09727,1.00,1.31
2017.10.13 14:10:25.789,1.0971,1.09727,1.00,1.25
2017.10.13 14:10:25.993,1.09711,1.09727,1.00,1.44
2017.10.13 14:10:26.044,1.09712,1.09727,1.00,1.25
2017.10.13 14:10:27.363,1.09711,1.09727,1.00,1.00
2017.10.13 14:10:28.493,1.09712,1.09727,1.00,1.25
2017.10.13 14:10:28.736,1.09711,1.09727,1.00,1.88
2017.10.13 14:10:28.891,1.09711,1.09727,1.00,1.69
2017.10.13 14:10:29.480,1.0971,1.09727,1.00,1.69
2017.10.13 14:10:30.159,1.0971,1.09727,1.00,1.69
2017.10.13 14:10:30.667,1.09712,1.09729,1.00,3.56
2017.10.13 14:10:30.770,1.09709,1.09729,1.00,2.44
2017.10.13 14:10:30.822,1.09711,1.09729,1.00,1.25
2017.10.13 14:10:30.926,1.09713,1.09729,1.00,1.25
2017.10.13 14:10:31.258,1.09713,1.09729,1.00,1.56
2017.10.13 14:10:32.353,1.09712,1.09729,1.00,1.87
2017.10.13 14:10:32.918,1.09713,1.09729,1.00,1.87
2017.10.13 14:10:33.071,1.09708,1.09726,1.25,1.00
2017.10.13 14:10:33.854,1.09708,1.09724,1.25,1.00
2017.10.13 14:10:34.913,1.09708,1.09721,1.25,1.00
2017.10.13 14:10:35.996,1.09708,1.09726,2.06,1.00
2017.10.13 14:10:36.048,1.09708,1.09724,1.31,1.00
2017.10.13 14:10:36.576,1.09708,1.09723,1.69,1.00
2017.10.13 14:10:38.222,1.09705,1.09722,1.00,1.00
2017.10.13 14:10:38.881,1.09704,1.09721,2.63,1.00
2017.10.13 14:10:39.228,1.09702,1.09718,1.69,1.00
2017.10.13 14:10:39.535,1.09698,1.09714,1.88,1.00
2017.10.13 14:10:40.053,1.09698,1.09715,1.31,1.00
2017.10.13 14:10:40.279,1.09698,1.09717,2.06,1.00
2017.10.13 14:10:40.797,1.09698,1.09717,2.81,1.00
2017.10.13 14:10:41.320,1.09698,1.09716,2.06,1.00
2017.10.13 14:10:42.215,1.09698,1.09716,1.63,1.00
2017.10.13 14:10:42.266,1.09698,1.09718,2.06,1.00
2017.10.13 14:10:42.369,1.097,1.09717,1.13,1.00
2017.10.13 14:10:42.963,1.097,1.09719,1.69,1.00
2017.10.13 14:10:43.065,1.097,1.09715,1.00,1.00
2017.10.13 14:10:43.579,1.09699,1.09715,1.25,1.00
2017.10.13 14:10:43.783,1.09699,1.0972,1.00,1.25
2017.10.13 14:10:43.836,1.09699,1.0972,1.44,1.88
2017.10.13 14:10:44.160,1.09699,1.0972,1.19,1.00
2017.10.13 14:10:44.668,1.097,1.0972,1.25,1.88
2017.10.13 14:10:44.924,1.09704,1.0972,1.00,1.00
2017.10.13 14:10:45.300,1.09704,1.09723,1.00,1.63
2017.10.13 14:10:45.841,1.09704,1.09723,1.00,1.31
2017.10.13 14:10:47.036,1.09704,1.09723,1.00,1.19
2017.10.13 14:10:47.821,1.09704,1.09723,1.00,1.63
2017.10.13 14:10:48.132,1.09704,1.09723,1.00,1.25
2017.10.13 14:10:48.284,1.09704,1.09723,1.00,1.63
2017.10.13 14:10:49.630,1.09704,1.09723,1.00,1.44
2017.10.13 14:10:50.854,1.09704,1.09723,1.00,1.25
2017.10.13 14:10:51.171,1.09704,1.09723,1.00,1.63
2017.10.13 14:10:51.486,1.0971,1.09728,1.00,1.69
2017.10.13 14:10:51.689,1.0971,1.09728,1.00,1.31
2017.10.13 14:10:51.842,1.0971,1.09728,1.00,1.63
2017.10.13 14:10:52.068,1.0971,1.09728,1.00,1.12
2017.10.13 14:10:52.120,1.0971,1.09728,1.00,1.50
2017.10.13 14:10:52.222,1.0971,1.09728,1.00,1.31
2017.10.13 14:10:52.388,1.0971,1.09728,1.00,1.50
2017.10.13 14:10:53.244,1.0971,1.09728,1.00,2.25
2017.10.13 14:10:53.758,1.09711,1.09728,1.00,2.06
2017.10.13 14:10:54.294,1.09711,1.09728,1.00,2.06
2017.10.13 14:10:54.447,1.09709,1.09728,1.00,2.06
2017.10.13 14:10:54.752,1.09711,1.09728,1.00,1.25
2017.10.13 14:10:55.055,1.09711,1.0973,1.25,1.25
2017.10.13 14:10:55.158,1.09713,1.0973,1.00,1.25
2017.10.13 14:10:55.465,1.09716,1.0973,1.00,1.25
2017.10.13 14:10:55.516,1.09713,1.0973,1.00,1.25
2017.10.13 14:10:55.567,1.09715,1.0973,1.00,1.25
2017.10.13 14:10:56.208,1.09714,1.0973,1.00,1.25
2017.10.13 14:10:56.821,1.09715,1.0973,1.00,1.00
2017.10.13 14:10:57.599,1.09715,1.09734,1.00,1.63
2017.10.13 14:10:58.110,1.09714,1.09734,1.00,1.56
2017.10.13 14:11:00.467,1.09715,1.0973,1.00,1.25
2017.10.13 14:11:02.084,1.09714,1.09732,1.00,1.56
2017.10.13 14:11:02.656,1.09714,1.09731,1.00,1.12
2017.10.13 14:11:02.986,1.09714,1.09729,1.00,1.00
2017.10.13 14:11:04.526,1.09715,1.09733,1.44,1.37
2017.10.13 14:11:04.817,1.09713,1.09731,1.00,1.81
2017.10.13 14:11:04.870,1.09711,1.09731,1.00,1.75
2017.10.13 14:11:05.423,1.09712,1.09729,1.00,1.12
2017.10.13 14:11:05.978,1.09713,1.09729,1.00,2.06
2017.10.13 14:11:06.303,1.09712,1.09729,1.00,1.87
2017.10.13 14:11:07.447,1.09712,1.09729,1.00,1.44
2017.10.13 14:11:07.499,1.09712,1.09725,1.00,1.00
2017.10.13 14:11:08.097,1.09712,1.09726,1.00,1.00
2017.10.13 14:11:08.647,1.09712,1.09725,1.00,1.00
2017.10.13 14:11:09.618,1.09714,1.09727,1.00,1.00
2017.10.13 14:11:10.236,1.09712,1.09727,1.00,1.00
2017.10.13 14:11:11.755,1.09712,1.09727,1.00,1.63
2017.10.13 14:11:14.312,1.09712,1.09725,1.00,1.00
2017.10.13 14:11:14.503,1.09714,1.09728,1.00,1.00
2017.10.13 14:11:14.706,1.09715,1.09731,1.00,1.44
2017.10.13 14:11:14.808,1.09713,1.09731,1.00,1.63
2017.10.13 14:11:15.012,1.09715,1.09731,1.00,1.19
2017.10.13 14:11:15.333,1.09717,1.09731,1.00,1.44
2017.10.13 14:11:15.602,1.09714,1.0973,1.00,1.00
2017.10.13 14:11:15.654,1.09716,1.0973,1.00,1.25
2017.10.13 14:11:15.705,1.09714,1.0973,1.00,1.25
2017.10.13 14:11:16.111,1.09714,1.09728,1.00,1.00
2017.10.13 14:11:16.784,1.09712,1.09728,1.00,1.00
2017.10.13 14:11:17.239,1.09714,1.09728,1.00,1.00
2017.10.13 14:11:18.296,1.09712,1.09728,1.00,1.69
2017.10.13 14:11:18.347,1.09709,1.09727,1.00,1.44
2017.10.13 14:11:18.864,1.09708,1.09725,1.00,1.62
2017.10.13 14:11:19.323,1.09708,1.09723,1.00,1.44
2017.10.13 14:11:19.822,1.09706,1.09723,1.25,1.00
2017.10.13 14:11:19.874,1.09709,1.09723,1.00,1.00
2017.10.13 14:11:19.976,1.09708,1.09725,1.00,1.50
2017.10.13 14:11:20.028,1.09708,1.09728,1.00,1.25
2017.10.13 14:11:20.079,1.09709,1.09728,1.19,1.00
2017.10.13 14:11:20.385,1.09714,1.09728,1.00,1.00
2017.10.13 14:11:20.838,1.09711,1.09728,1.00,1.31
2017.10.13 14:11:20.991,1.09711,1.09728,1.00,1.69
2017.10.13 14:11:21.501,1.09711,1.09728,1.00,1.69
2017.10.13 14:11:21.603,1.09709,1.09728,1.00,2.06
2017.10.13 14:11:21.773,1.09708,1.09722,1.00,1.00
2017.10.13 14:11:21.875,1.0971,1.09726,1.00,1.31
2017.10.13 14:11:22.028,1.09709,1.09724,1.00,1.44
2017.10.13 14:11:22.232,1.09707,1.09724,1.00,1.56
2017.10.13 14:11:22.766,1.09705,1.09721,1.00,1.25
2017.10.13 14:11:22.868,1.09705,1.09721,1.00,1.38
2017.10.13 14:11:23.030,1.09705,1.09721,1.00,1.13
2017.10.13 14:11:23.234,1.09705,1.09721,1.00,1.44
2017.10.13 14:11:23.767,1.09705,1.09721,1.00,1.44
2017.10.13 14:11:24.399,1.09705,1.09721,1.00,1.38
2017.10.13 14:11:24.583,1.09705,1.09721,1.00,1.00
2017.10.13 14:11:25.116,1.09711,1.09726,1.25,1.00
2017.10.13 14:11:25.218,1.09713,1.09732,1.50,1.13
2017.10.13 14:11:25.626,1.09714,1.09732,1.00,1.31
2017.10.13 14:11:26.333,1.09714,1.09732,1.00,1.63
2017.10.13 14:11:26.792,1.09716,1.09732,1.00,1.25
2017.10.13 14:11:27.325,1.09717,1.09734,1.00,1.62
2017.10.13 14:11:28.374,1.09717,1.09734,1.00,1.62
2017.10.13 14:11:28.961,1.09717,1.09734,1.00,1.62
2017.10.13 14:11:29.334,1.09718,1.09734,1.00,1.62
2017.10.13 14:11:29.436,1.09716,1.09734,1.00,2.06
2017.10.13 14:11:30.009,1.09716,1.09734,1.00,1.69
2017.10.13 14:11:30.060,1.09713,1.09732,1.00,1.63
2017.10.13 14:11:30.263,1.09713,1.09732,1.00,2.00
2017.10.13 14:11:31.049,1.09716,1.09732,1.00,1.00
2017.10.13 14:11:31.553,1.09715,1.09732,1.00,1.00
2017.10.13 14:11:31.957,1.09717,1.09732,1.00,1.00
2017.10.13 14:11:32.237,1.09715,1.09732,1.00,1.00
2017.10.13 14:11:32.390,1.09714,1.09732,1.00,1.38
2017.10.13 14:11:32.697,1.09713,1.09728,1.00,1.63
2017.10.13 14:11:32.922,1.0971,1.09725,1.00,1.00
2017.10.13 14:11:33.076,1.09712,1.09725,1.00,1.00
2017.10.13 14:11:33.179,1.09711,1.09728,1.00,1.25
2017.10.13 14:11:33.436,1.09714,1.09732,1.00,1.50
2017.10.13 14:11:33.569,1.09714,1.09733,1.00,1.00
2017.10.13 14:11:33.621,1.0972,1.09735,1.00,1.00
2017.10.13 14:11:33.928,1.09722,1.09737,1.00,1.25
2017.10.13 14:11:34.234,1.09724,1.0974,1.00,2.06
2017.10.13 14:11:34.956,1.09724,1.0974,1.00,1.87
2017.10.13 14:11:35.504,1.09724,1.0974,1.00,2.06
2017.10.13 14:11:36.192,1.09724,1.0974,1.00,1.37
2017.10.13 14:11:37.006,1.09725,1.09742,1.00,1.87
2017.10.13 14:11:37.536,1.09726,1.09742,1.00,1.87
2017.10.13 14:11:38.245,1.09726,1.09742,1.00,1.44
2017.10.13 14:11:38.397,1.09729,1.09745,1.00,1.12
2017.10.13 14:11:38.449,1.09733,1.09748,1.19,1.50
2017.10.13 14:11:38.500,1.09731,1.09748,1.50,1.25
2017.10.13 14:11:38.552,1.09732,1.09751,1.00,1.50
2017.10.13 14:11:38.689,1.09734,1.09752,1.00,1.75
2017.10.13 14:11:38.794,1.09734,1.09753,1.00,1.56
2017.10.13 14:11:38.999,1.09736,1.09753,1.00,1.50
2017.10.13 14:11:39.050,1.09736,1.09753,1.00,2.06
2017.10.13 14:11:39.585,1.09736,1.09753,1.00,1.37
2017.10.13 14:11:40.107,1.09737,1.09754,1.00,1.00
2017.10.13 14:11:40.158,1.09739,1.09754,1.00,1.00
2017.10.13 14:11:40.463,1.09743,1.09757,1.00,1.12
2017.10.13 14:11:41.270,1.09743,1.09759,1.00,1.25
2017.10.13 14:11:41.576,1.09743,1.0976,1.00,1.37
2017.10.13 14:11:41.679,1.09742,1.0976,1.00,1.44
2017.10.13 14:11:41.994,1.09743,1.09762,1.00,1.38
2017.10.13 14:11:42.789,1.09743,1.09763,1.00,1.88
2017.10.13 14:11:42.867,1.09745,1.09763,1.00,1.88
2017.10.13 14:11:43.223,1.09743,1.09764,1.00,2.44
2017.10.13 14:11:43.275,1.0974,1.09764,1.00,1.00
2017.10.13 14:11:43.326,1.09743,1.09766,1.19,1.12
2017.10.13 14:11:43.666,1.09753,1.09771,1.00,1.05
2017.10.13 14:11:44.179,1.09754,1.09771,1.00,1.37
2017.10.13 14:11:44.395,1.09754,1.09773,1.00,1.25
2017.10.13 14:11:44.446,1.09754,1.09773,1.00,1.50
2017.10.13 14:11:45.027,1.09754,1.09773,1.00,1.62
2017.10.13 14:11:45.355,1.09756,1.09773,1.00,2.06
2017.10.13 14:11:46.686,1.09756,1.09773,1.00,1.31
2017.10.13 14:11:47.075,1.09756,1.09776,1.00,1.44
2017.10.13 14:11:47.126,1.09756,1.09774,1.00,1.62
2017.10.13 14:11:47.630,1.09757,1.09773,1.00,1.81
2017.10.13 14:11:47.684,1.09757,1.09774,1.00,1.69
2017.10.13 14:11:48.318,1.09757,1.09776,1.00,1.75
2017.10.13 14:11:48.471,1.09755,1.09777,1.50,1.88
2017.10.13 14:11:49.043,1.09756,1.09776,1.00,1.13
2017.10.13 14:11:49.145,1.09755,1.09777,1.50,1.13
2017.10.13 14:11:50.121,1.09756,1.09777,1.00,1.75
2017.10.13 14:11:50.662,1.09755,1.09777,1.50,1.13
2017.10.13 14:11:51.206,1.09756,1.09776,1.00,1.56
2017.10.13 14:11:52.058,1.09755,1.09777,1.00,1.19
2017.10.13 14:11:53.312,1.09756,1.09777,1.00,1.69
2017.10.13 14:11:53.830,1.09755,1.09777,1.50,2.44
2017.10.13 14:11:54.361,1.09755,1.09777,1.50,1.94
2017.10.13 14:11:55.129,1.09755,1.09777,1.50,2.44
2017.10.13 14:11:55.637,1.09756,1.09777,1.00,3.19
2017.10.13 14:11:56.201,1.09755,1.09777,1.50,1.38
2017.10.13 14:11:56.252,1.09757,1.09778,1.00,2.44
2017.10.13 14:11:57.078,1.09757,1.09778,1.00,1.69
2017.10.13 14:11:57.623,1.09757,1.09777,1.00,1.88
2017.10.13 14:11:58.113,1.0976,1.09779,1.00,2.06
2017.10.13 14:11:58.225,1.0976,1.09779,1.00,1.12
2017.10.13 14:11:58.747,1.09758,1.0978,1.00,2.25
2017.10.13 14:11:58.850,1.09758,1.09779,1.50,1.81
2017.10.13 14:11:59.550,1.09758,1.09775,1.00,1.13
2017.10.13 14:12:00.082,1.09757,1.09777,1.00,2.19
2017.10.13 14:12:00.600,1.09757,1.09777,1.00,1.94
2017.10.13 14:12:00.844,1.09757,1.09777,1.00,2.62
2017.10.13 14:12:01.047,1.09757,1.09775,1.00,1.38
2017.10.13 14:12:01.598,1.09757,1.09776,1.00,1.50
2017.10.13 14:12:02.148,1.09757,1.09776,1.50,1.75
2017.10.13 14:12:02.817,1.09757,1.09776,1.00,1.19
2017.10.13 14:12:03.337,1.09757,1.09775,1.00,1.25
2017.10.13 14:12:03.895,1.09757,1.09775,1.50,1.44
2017.10.13 14:12:04.149,1.09757,1.09776,1.00,1.25
2017.10.13 14:12:04.687,1.09755,1.09776,1.67,1.63
2017.10.13 14:12:05.015,1.09757,1.09778,1.00,1.69
2017.10.13 14:12:06.148,1.09758,1.09778,1.00,1.25
2017.10.13 14:12:06.658,1.09758,1.09778,1.00,1.44
2017.10.13 14:12:07.320,1.09758,1.09779,1.25,1.56
2017.10.13 14:12:07.872,1.09758,1.09778,1.25,1.31
2017.10.13 14:12:08.381,1.09758,1.09778,1.00,1.25
2017.10.13 14:12:08.883,1.09758,1.09778,1.00,1.87
2017.10.13 14:12:09.413,1.09757,1.09778,1.25,1.56
2017.10.13 14:12:09.464,1.09758,1.09778,1.25,1.81
2017.10.13 14:12:09.843,1.09758,1.09778,1.00,1.56
2017.10.13 14:12:10.039,1.09758,1.09778,1.25,1.81
2017.10.13 14:12:10.149,1.09758,1.09778,1.00,1.56
2017.10.13 14:12:10.673,1.09759,1.09778,1.00,1.81
2017.10.13 14:12:10.775,1.09756,1.09778,1.00,2.00
2017.10.13 14:12:10.826,1.09758,1.09777,1.00,1.56
2017.10.13 14:12:10.980,1.09757,1.09778,1.00,3.00
2017.10.13 14:12:11.301,1.09757,1.09777,1.00,1.56
2017.10.13 14:12:11.353,1.09757,1.09778,1.00,3.00
2017.10.13 14:12:11.575,1.09757,1.09777,1.00,1.75
2017.10.13 14:12:11.924,1.09757,1.09777,1.00,1.13
2017.10.13 14:12:11.976,1.0976,1.09777,1.00,1.13
2017.10.13 14:12:12.493,1.0976,1.09777,1.00,1.44
2017.10.13 14:12:13.103,1.0976,1.09778,1.00,1.44
2017.10.13 14:12:13.306,1.09758,1.09778,1.00,1.87
2017.10.13 14:12:13.857,1.09758,1.09777,1.00,1.88
2017.10.13 14:12:14.717,1.09758,1.09778,1.00,1.44
2017.10.13 14:12:15.246,1.09758,1.09778,1.00,2.06
2017.10.13 14:12:16.798,1.0976,1.09777,1.00,1.38
2017.10.13 14:12:17.252,1.0976,1.09778,1.00,1.00
2017.10.13 14:12:17.303,1.09763,1.09779,1.00,1.25
2017.10.13 14:12:17.355,1.09761,1.09779,1.00,1.25
2017.10.13 14:12:17.930,1.09761,1.09779,1.00,1.19
2017.10.13 14:12:18.064,1.0976,1.0978,1.50,1.25
2017.10.13 14:12:18.269,1.0976,1.09779,1.00,1.37
2017.10.13 14:12:18.581,1.0976,1.09777,1.00,2.00
2017.10.13 14:12:18.887,1.09758,1.09776,1.00,1.50
2017.10.13 14:12:19.040,1.09758,1.09773,1.00,1.00
2017.10.13 14:12:19.874,1.09757,1.09773,1.00,1.00
2017.10.13 14:12:20.231,1.09757,1.0977,1.00,1.00
2017.10.13 14:12:20.536,1.09763,1.09771,1.00,1.00
2017.10.13 14:12:22.133,1.09762,1.09771,1.00,1.00
2017.10.13 14:12:22.576,1.09759,1.0977,1.00,1.25
2017.10.13 14:12:22.628,1.09757,1.09769,1.00,1.87
2017.10.13 14:12:22.730,1.09755,1.09769,1.00,1.87
2017.10.13 14:12:22.782,1.09752,1.09766,1.00,1.19
2017.10.13 14:12:22.872,1.0975,1.09766,1.00,1.25
2017.10.13 14:12:22.924,1.09752,1.09764,1.00,1.56
2017.10.13 14:12:22.976,1.09747,1.09762,1.00,1.19
2017.10.13 14:12:23.027,1.09751,1.09764,1.00,1.63
2017.10.13 14:12:23.079,1.09751,1.09764,1.00,1.12
2017.10.13 14:12:23.436,1.09751,1.09764,1.00,1.87
2017.10.13 14:12:23.760,1.09753,1.09764,1.00,1.25
2017.10.13 14:12:24.080,1.09756,1.09767,1.00,1.50
2017.10.13 14:12:24.389,1.09753,1.09767,1.00,2.06
2017.10.13 14:12:24.936,1.09753,1.09767,1.00,1.69
2017.10.13 14:12:25.774,1.09753,1.09767,1.00,1.63
2017.10.13 14:12:26.813,1.09753,1.09767,1.00,1.69
2017.10.13 14:12:27.354,1.09753,1.09767,1.00,1.69
2017.10.13 14:12:27.557,1.09753,1.09767,1.00,1.56
2017.10.13 14:12:27.659,1.09753,1.09767,1.00,1.63
2017.10.13 14:12:28.430,1.09753,1.09767,1.00,2.44
2017.10.13 14:12:28.481,1.09753,1.09767,1.00,1.69
2017.10.13 14:12:28.686,1.09753,1.09767,1.00,2.63
2017.10.13 14:12:29.495,1.09753,1.09767,1.00,2.63
2017.10.13 14:12:30.257,1.09753,1.09767,1.00,1.62
2017.10.13 14:12:30.974,1.09753,1.09767,1.00,2.25
2017.10.13 14:12:31.279,1.09753,1.09766,1.00,1.56
2017.10.13 14:12:31.383,1.09751,1.09767,1.00,3.38
2017.10.13 14:12:31.914,1.09751,1.09763,1.00,1.50
2017.10.13 14:12:32.487,1.09751,1.09763,1.00,1.31
2017.10.13 14:12:32.538,1.09751,1.09761,1.00,1.00
2017.10.13 14:12:33.143,1.09751,1.09762,1.00,1.12
2017.10.13 14:12:33.684,1.09751,1.09761,1.00,1.00
2017.10.13 14:12:34.220,1.09751,1.0976,1.00,1.00
2017.10.13 14:12:34.779,1.09751,1.09762,1.00,1.25
2017.10.13 14:12:35.163,1.09751,1.0976,1.00,1.00
2017.10.13 14:12:35.507,1.0975,1.09763,1.00,1.44
2017.10.13 14:12:35.558,1.09754,1.09765,1.00,1.50
2017.10.13 14:12:35.609,1.09752,1.09765,1.00,1.37
2017.10.13 14:12:36.233,1.09753,1.09765,1.00,1.37
2017.10.13 14:12:36.588,1.09755,1.09765,1.00,1.44
2017.10.13 14:12:36.842,1.09754,1.09767,1.00,1.00
2017.10.13 14:12:36.945,1.09761,1.09771,1.00,1.00
2017.10.13 14:12:36.996,1.09762,1.09773,1.00,1.50
2017.10.13 14:12:37.047,1.09765,1.09778,1.00,2.44
2017.10.13 14:12:37.098,1.09765,1.09778,1.00,1.63
2017.10.13 14:12:37.795,1.09765,1.09778,1.00,1.56
2017.10.13 14:12:38.590,1.09765,1.09778,1.00,2.25
2017.10.13 14:12:38.692,1.09766,1.09778,1.00,1.25
2017.10.13 14:12:38.743,1.09769,1.09779,1.00,1.00
2017.10.13 14:12:38.794,1.0977,1.09782,1.00,1.69
2017.10.13 14:12:38.846,1.09767,1.09782,1.00,2.06
2017.10.13 14:12:38.898,1.09772,1.09781,1.00,1.69
2017.10.13 14:12:38.950,1.09766,1.09781,1.00,1.25
2017.10.13 14:12:39.052,1.09766,1.09781,1.00,1.56
2017.10.13 14:12:39.350,1.09765,1.09781,1.00,1.25
2017.10.13 14:12:39.604,1.09765,1.0978,1.00,1.37
2017.10.13 14:12:40.114,1.09766,1.0978,1.00,1.44
2017.10.13 14:12:40.660,1.09766,1.09781,1.00,2.62
2017.10.13 14:12:41.394,1.09765,1.09781,1.00,3.37
2017.10.13 14:12:41.940,1.09765,1.09781,1.00,1.50
2017.10.13 14:12:42.094,1.09766,1.0978,1.00,1.62
2017.10.13 14:12:42.620,1.09763,1.09781,1.00,2.25
2017.10.13 14:12:42.722,1.09763,1.09777,1.00,1.56
2017.10.13 14:12:43.159,1.09763,1.09777,1.00,1.25
2017.10.13 14:12:43.312,1.09766,1.0978,1.00,1.31
2017.10.13 14:12:43.855,1.09767,1.09781,1.00,1.50
2017.10.13 14:12:44.384,1.09766,1.09781,1.00,3.00
2017.10.13 14:12:44.814,1.09766,1.09781,1.00,3.56
2017.10.13 14:12:44.865,1.09762,1.0978,1.00,1.56
2017.10.13 14:12:45.120,1.09761,1.09778,1.00,1.81
2017.10.13 14:12:45.387,1.09761,1.09778,1.00,2.25
2017.10.13 14:12:45.955,1.09761,1.09778,1.00,2.44
2017.10.13 14:12:48.006,1.09761,1.09777,1.00,1.13
2017.10.13 14:12:48.821,1.09761,1.09778,1.00,2.25
2017.10.13 14:12:49.206,1.09759,1.09777,1.00,1.13
2017.10.13 14:12:49.757,1.0976,1.09777,1.00,1.88
2017.10.13 14:12:50.624,1.0976,1.09778,1.25,1.00
2017.10.13 14:12:50.675,1.09764,1.09778,1.00,1.19
2017.10.13 14:12:50.727,1.09764,1.09778,1.00,1.12
2017.10.13 14:12:50.778,1.09759,1.09777,1.00,2.06
2017.10.13 14:12:50.830,1.0976,1.09775,1.00,1.50
2017.10.13 14:12:51.084,1.09756,1.09771,1.00,1.44
2017.10.13 14:12:51.600,1.09756,1.09771,1.00,1.50
2017.10.13 14:12:52.118,1.09755,1.09771,1.00,1.44
2017.10.13 14:12:52.718,1.09752,1.09771,1.00,1.44
2017.10.13 14:12:52.769,1.09753,1.09771,1.00,1.25
2017.10.13 14:12:52.820,1.09751,1.09771,1.00,1.44
2017.10.13 14:12:53.186,1.09754,1.09771,1.00,1.87
2017.10.13 14:12:53.951,1.09752,1.09769,1.00,1.69
2017.10.13 14:12:54.157,1.09754,1.09769,1.00,1.69
2017.10.13 14:12:54.310,1.09755,1.09769,1.00,1.25
2017.10.13 14:12:54.836,1.09753,1.09769,1.00,1.87
2017.10.13 14:12:55.344,1.09754,1.0977,1.00,1.56
2017.10.13 14:12:57.097,1.09755,1.0977,1.00,1.56
2017.10.13 14:12:58.070,1.09755,1.09769,1.00,1.12
2017.10.13 14:12:58.572,1.09755,1.0977,1.00,1.31
2017.10.13 14:12:59.035,1.09753,1.09769,1.00,1.00
2017.10.13 14:12:59.587,1.09755,1.09769,1.00,1.50
2017.10.13 14:12:59.638,1.09753,1.09769,1.00,1.25
2017.10.13 14:13:00.184,1.09754,1.0977,1.00,1.12
2017.10.13 14:13:00.555,1.09754,1.09769,1.00,1.44
2017.10.13 14:13:01.136,1.09754,1.09769,1.00,1.37
2017.10.13 14:13:01.659,1.09754,1.09769,1.00,1.44
2017.10.13 14:13:02.170,1.09754,1.09769,1.00,1.37
2017.10.13 14:13:02.222,1.09749,1.09769,3.00,1.37
2017.10.13 14:13:02.478,1.09751,1.09769,1.37,1.00
2017.10.13 14:13:02.582,1.09747,1.09767,1.00,2.44
2017.10.13 14:13:02.740,1.09744,1.09762,1.69,1.00
2017.10.13 14:13:03.105,1.09745,1.09766,1.00,1.56
2017.10.13 14:13:03.207,1.09745,1.09766,1.00,1.25
2017.10.13 14:13:03.258,1.09747,1.09768,1.69,4.31
2017.10.13 14:13:03.482,1.09744,1.09765,1.69,1.44
2017.10.13 14:13:03.994,1.09743,1.09765,1.00,2.44
2017.10.13 14:13:04.318,1.09745,1.09765,1.00,2.25
2017.10.13 14:13:04.861,1.09744,1.09764,1.00,1.13
2017.10.13 14:13:05.303,1.09744,1.09764,1.00,1.00
2017.10.13 14:13:05.534,1.09744,1.09765,1.00,1.56
2017.10.13 14:13:05.690,1.09746,1.09765,1.25,1.25
2017.10.13 14:13:05.794,1.09743,1.09764,1.19,1.25
2017.10.13 14:13:05.846,1.09743,1.09764,1.25,1.56
2017.10.13 14:13:05.949,1.09739,1.09762,2.44,2.44
2017.10.13 14:13:06.128,1.09737,1.09759,1.50,1.56
2017.10.13 14:13:06.179,1.09736,1.09756,1.88,1.13
2017.10.13 14:13:06.712,1.09736,1.09756,1.44,1.38
2017.10.13 14:13:07.401,1.09736,1.09756,1.31,1.13
2017.10.13 14:13:07.936,1.09736,1.09756,1.31,1.38
2017.10.13 14:13:08.465,1.09736,1.09756,1.31,1.38
2017.10.13 14:13:09.411,1.09736,1.09756,1.13,1.31
2017.10.13 14:13:10.072,1.09736,1.09756,1.31,1.31
2017.10.13 14:13:10.435,1.09735,1.09755,1.63,1.69
2017.10.13 14:13:10.689,1.09738,1.09755,1.00,1.13
2017.10.13 14:13:11.523,1.09738,1.09756,1.19,1.44
2017.10.13 14:13:11.574,1.09741,1.09759,1.19,1.50
2017.10.13 14:13:12.031,1.09745,1.09763,1.25,1.19
2017.10.13 14:13:12.185,1.09747,1.09764,1.19,1.00
2017.10.13 14:13:12.850,1.09747,1.09764,1.00,1.00
2017.10.13 14:13:13.355,1.09746,1.09764,1.00,1.44
2017.10.13 14:13:13.967,1.09747,1.09764,1.00,1.25
2017.10.13 14:13:15.775,1.09747,1.09764,1.19,1.00
2017.10.13 14:13:15.929,1.09751,1.09768,1.69,1.25
2017.10.13 14:13:16.977,1.09752,1.09768,1.25,1.37
2017.10.13 14:13:17.753,1.09752,1.09768,1.25,1.12
2017.10.13 14:13:17.856,1.09752,1.09768,1.25,1.37
2017.10.13 14:13:18.425,1.09752,1.09768,1.00,1.44
2017.10.13 14:13:18.934,1.09752,1.09768,1.00,1.12
2017.10.13 14:13:19.455,1.09753,1.09768,1.00,1.44
2017.10.13 14:13:19.993,1.09753,1.09768,1.00,1.37
2017.10.13 14:13:20.554,1.09753,1.09768,1.00,1.37
2017.10.13 14:13:21.077,1.09753,1.09768,1.00,1.12
2017.10.13 14:13:21.590,1.09753,1.09768,1.00,1.37
2017.10.13 14:13:22.692,1.09751,1.09768,1.25,1.37
2017.10.13 14:13:25.439,1.09751,1.09768,1.25,1.44
2017.10.13 14:13:25.944,1.09752,1.09767,1.00,1.25
2017.10.13 14:13:26.424,1.09752,1.09768,1.19,1.00
2017.10.13 14:13:26.660,1.09756,1.09771,1.00,1.00
2017.10.13 14:13:26.712,1.09754,1.0977,1.00,1.44
2017.10.13 14:13:26.768,1.09749,1.09772,2.25,1.37
2017.10.13 14:13:27.177,1.09749,1.09764,1.50,1.00
2017.10.13 14:13:27.690,1.09749,1.09763,1.50,1.00
2017.10.13 14:13:28.273,1.09748,1.09763,2.44,1.00
2017.10.13 14:13:28.811,1.09748,1.09763,1.50,1.00
2017.10.13 14:13:28.862,1.09746,1.09763,2.06,1.00
2017.10.13 14:13:29.016,1.09746,1.09761,1.69,1.00
2017.10.13 14:13:29.322,1.09746,1.09764,1.87,1.00
2017.10.13 14:13:29.628,1.0975,1.09762,1.25,1.00
2017.10.13 14:13:30.059,1.0975,1.09762,1.19,1.00
2017.10.13 14:13:30.343,1.0975,1.09765,1.19,1.25
2017.10.13 14:13:31.171,1.0975,1.09765,1.19,1.25
2017.10.13 14:13:31.842,1.0975,1.09765,1.19,1.25
2017.10.13 14:13:32.160,1.0975,1.09765,1.25,1.25
2017.10.13 14:13:34.090,1.09749,1.09768,2.06,2.62
2017.10.13 14:13:34.563,1.09753,1.09767,1.00,1.00
2017.10.13 14:13:34.767,1.09753,1.09769,1.19,1.00
2017.10.13 14:13:35.332,1.09753,1.09768,1.19,1.00
2017.10.13 14:13:35.872,1.09753,1.09767,1.19,1.00
2017.10.13 14:13:37.031,1.09753,1.09767,1.00,1.00
2017.10.13 14:13:37.534,1.0975,1.09767,3.56,1.00
2017.10.13 14:13:37.750,1.09745,1.09763,1.75,1.00
2017.10.13 14:13:37.802,1.09743,1.0976,1.50,1.00
2017.10.13 14:13:37.955,1.09748,1.09761,1.19,1.00
2017.10.13 14:13:38.057,1.09751,1.09766,1.00,1.00
2017.10.13 14:13:38.362,1.09752,1.09764,1.00,1.00
2017.10.13 14:13:38.413,1.09752,1.09766,1.00,1.00
2017.10.13 14:13:38.835,1.09751,1.09768,1.50,2.44
2017.10.13 14:13:39.352,1.09752,1.09768,1.00,2.62
2017.10.13 14:13:39.584,1.09746,1.09764,1.75,1.00
2017.10.13 14:13:39.687,1.09745,1.09763,1.37,1.00
2017.10.13 14:13:39.790,1.09744,1.09763,1.12,1.00
2017.10.13 14:13:40.316,1.09745,1.09764,1.87,1.69
2017.10.13 14:13:42.160,1.09746,1.09764,1.00,1.69
2017.10.13 14:13:42.823,1.09747,1.09764,1.00,1.00
2017.10.13 14:13:43.128,1.09745,1.09763,1.12,1.25
2017.10.13 14:13:44.378,1.09749,1.09764,1.00,1.00
2017.10.13 14:13:45.158,1.0975,1.09768,1.00,1.12
2017.10.13 14:13:45.583,1.09749,1.09767,1.87,1.44
2017.10.13 14:13:46.181,1.09749,1.09768,1.00,1.87
2017.10.13 14:13:49.010,1.09749,1.09768,1.25,2.06
2017.10.13 14:13:49.865,1.09748,1.09768,1.19,1.87
2017.10.13 14:13:51.666,1.0975,1.09768,1.00,2.06
2017.10.13 14:13:52.216,1.09751,1.09768,1.00,1.87
2017.10.13 14:13:52.794,1.0975,1.09768,1.00,1.69
2017.10.13 14:13:53.701,1.09751,1.09768,1.00,1.44
2017.10.13 14:13:54.651,1.0975,1.09768,1.00,1.25
2017.10.13 14:13:55.209,1.09751,1.09768,1.00,1.19
2017.10.13 14:13:55.720,1.0975,1.09768,1.00,1.00
2017.10.13 14:13:56.489,1.09751,1.09768,1.00,1.25
2017.10.13 14:13:57.226,1.09751,1.09768,1.25,1.44
2017.10.13 14:13:58.538,1.09746,1.09765,1.00,1.25
2017.10.13 14:13:58.590,1.09744,1.09765,1.12,2.06
2017.10.13 14:13:58.642,1.09742,1.09762,1.00,1.69
2017.10.13 14:13:59.269,1.09741,1.09761,1.00,1.25
2017.10.13 14:14:00.063,1.09741,1.09762,1.00,1.50
2017.10.13 14:14:00.523,1.09741,1.09762,1.00,2.62
2017.10.13 14:14:00.574,1.09741,1.09762,1.50,1.00
2017.10.13 14:14:00.626,1.09744,1.09765,1.00,1.12
2017.10.13 14:14:00.931,1.09746,1.09767,1.19,1.62
2017.10.13 14:14:01.442,1.09747,1.09767,1.25,2.81
2017.10.13 14:14:02.053,1.09747,1.09767,1.19,2.81
2017.10.13 14:14:04.826,1.09746,1.09768,1.44,3.56
2017.10.13 14:14:05.821,1.0975,1.09767,1.00,1.87
2017.10.13 14:14:06.918,1.0975,1.09769,1.00,1.37
2017.10.13 14:14:07.337,1.0975,1.0977,1.00,2.06
2017.10.13 14:14:09.681,1.0975,1.0977,1.19,1.37
2017.10.13 14:14:11.206,1.09749,1.0977,1.69,2.06
2017.10.13 14:14:11.884,1.09749,1.0977,1.69,1.44
2017.10.13 14:14:12.677,1.09749,1.09768,1.69,1.00
2017.10.13 14:14:14.744,1.0975,1.09768,1.12,1.25
2017.10.13 14:14:14.948,1.09749,1.0977,1.44,1.00
2017.10.13 14:14:15.151,1.09752,1.0977,1.00,1.50
2017.10.13 14:14:15.667,1.09753,1.0977,1.00,1.00
2017.10.13 14:14:17.627,1.09753,1.0977,1.19,1.00
2017.10.13 14:14:18.157,1.09752,1.09772,1.19,1.37
2017.10.13 14:14:18.753,1.09752,1.09771,1.19,1.31
2017.10.13 14:14:19.063,1.09752,1.09771,1.00,1.31
2017.10.13 14:14:20.305,1.09753,1.09771,1.00,1.37
2017.10.13 14:14:20.849,1.09753,1.09773,1.00,1.87
2017.10.13 14:14:20.993,1.09753,1.09773,1.00,2.06
2017.10.13 14:14:21.497,1.09752,1.09773,1.00,2.81
2017.10.13 14:14:24.259,1.09753,1.09772,1.00,1.31
2017.10.13 14:14:25.215,1.0975,1.09772,1.19,1.00
2017.10.13 14:14:25.521,1.09751,1.09768,1.00,1.00
2017.10.13 14:14:25.572,1.09748,1.09768,3.00,1.00
2017.10.13 14:14:26.350,1.09752,1.09767,1.00,1.00
2017.10.13 14:14:26.853,1.09751,1.09768,1.00,1.25
2017.10.13 14:14:28.546,1.09751,1.0977,1.00,1.50
2017.10.13 14:14:28.597,1.09758,1.09773,1.00,1.00
2017.10.13 14:14:28.955,1.09758,1.09776,1.00,2.25
2017.10.13 14:14:29.171,1.09761,1.09776,1.00,1.25
2017.10.13 14:14:29.752,1.09761,1.09777,1.00,1.37
2017.10.13 14:14:29.854,1.09761,1.09777,1.00,1.25
2017.10.13 14:14:30.085,1.09761,1.09775,1.00,1.00
2017.10.13 14:14:30.636,1.0976,1.09775,1.00,1.00
2017.10.13 14:14:31.187,1.09761,1.09775,1.00,1.25
2017.10.13 14:14:33.147,1.09757,1.09775,2.62,1.12
2017.10.13 14:14:33.403,1.09753,1.09772,1.87,1.00
2017.10.13 14:14:33.455,1.09754,1.09772,1.19,1.00
2017.10.13 14:14:33.797,1.09752,1.09767,1.31,1.00
2017.10.13 14:14:33.848,1.09751,1.09771,2.44,1.50
2017.10.13 14:14:34.001,1.09751,1.09769,1.12,1.00
2017.10.13 14:14:34.510,1.09751,1.09768,2.06,1.00
2017.10.13 14:14:35.034,1.09751,1.09767,1.25,1.00
2017.10.13 14:14:36.703,1.09748,1.09767,2.44,1.25
2017.10.13 14:14:37.243,1.09748,1.09768,1.69,1.44
2017.10.13 14:14:38.202,1.09748,1.09769,1.87,2.06
2017.10.13 14:14:38.745,1.09748,1.09769,1.00,1.69
2017.10.13 14:14:39.293,1.09748,1.09769,2.25,1.69
2017.10.13 14:14:39.843,1.0975,1.09768,1.25,1.00
2017.10.13 14:14:40.363,1.0975,1.09769,1.25,1.50
2017.10.13 14:14:40.882,1.09751,1.09768,1.00,1.25
2017.10.13 14:14:41.558,1.09751,1.09767,1.00,1.00
2017.10.13 14:14:42.543,1.09749,1.09769,1.69,1.87
2017.10.13 14:14:43.031,1.09748,1.09767,2.62,1.00
2017.10.13 14:14:43.689,1.09748,1.09768,2.25,1.25
2017.10.13 14:14:44.453,1.09755,1.09769,1.00,1.50
2017.10.13 14:14:44.708,1.09754,1.09773,1.00,1.50
2017.10.13 14:14:44.759,1.09754,1.09773,1.19,1.00
2017.10.13 14:14:44.810,1.09757,1.09776,1.00,1.69
2017.10.13 14:14:44.912,1.09758,1.09776,1.00,1.19
2017.10.13 14:14:45.502,1.09757,1.09776,1.00,1.00
2017.10.13 14:14:46.449,1.09757,1.09777,1.00,1.00
2017.10.13 14:14:46.997,1.09758,1.09777,1.00,1.00
2017.10.13 14:14:47.657,1.09757,1.09777,1.00,1.00
2017.10.13 14:14:49.097,1.09758,1.09777,1.00,1.44
2017.10.13 14:14:49.820,1.09757,1.09778,1.75,1.87
2017.10.13 14:14:50.855,1.09758,1.09778,1.50,1.00
2017.10.13 14:14:51.433,1.09758,1.09778,1.00,2.62
2017.10.13 14:14:51.484,1.09754,1.09776,1.50,2.25
2017.10.13 14:14:51.536,1.09752,1.09773,1.19,1.25
2017.10.13 14:14:51.638,1.09752,1.09771,1.00,1.00
2017.10.13 14:14:52.096,1.09752,1.09771,1.00,1.19
2017.10.13 14:14:53.149,1.09752,1.09772,1.00,1.19
2017.10.13 14:14:53.712,1.09751,1.09771,1.00,1.25
2017.10.13 14:14:54.025,1.09752,1.09772,1.37,1.50
2017.10.13 14:14:54.433,1.09754,1.09775,1.69,1.25
2017.10.13 14:14:54.485,1.09754,1.09776,1.50,2.06
2017.10.13 14:14:55.025,1.09753,1.09774,1.00,1.69
2017.10.13 14:14:55.178,1.09754,1.09772,1.00,1.00
2017.10.13 14:14:55.701,1.09753,1.09772,1.00,1.00
2017.10.13 14:14:56.062,1.09751,1.09771,1.00,1.50
2017.10.13 14:14:56.604,1.0975,1.09771,1.31,1.69
2017.10.13 14:14:56.926,1.09751,1.09771,1.50,1.31
2017.10.13 14:14:57.506,1.09753,1.09771,1.00,1.00
2017.10.13 14:14:57.812,1.09756,1.09775,2.44,1.00
2017.10.13 14:14:57.864,1.0976,1.09778,1.87,1.00
2017.10.13 14:14:57.916,1.09761,1.0978,1.44,1.25
2017.10.13 14:14:57.967,1.09759,1.09777,1.00,1.50
2017.10.13 14:14:58.294,1.09756,1.09775,1.19,1.00
2017.10.13 14:14:58.836,1.09756,1.09775,1.25,1.87
2017.10.13 14:14:59.371,1.09753,1.09775,1.88,1.00
2017.10.13 14:14:59.887,1.09753,1.09775,1.88,1.50
2017.10.13 14:15:00.383,1.09755,1.09777,1.38,1.00
2017.10.13 14:15:00.435,1.09758,1.09779,1.00,1.44
2017.10.13 14:15:00.988,1.09759,1.09779,1.00,1.00
2017.10.13 14:15:01.243,1.09757,1.09779,1.87,2.25
2017.10.13 14:15:01.397,1.09757,1.09777,3.00,1.00
2017.10.13 14:15:01.745,1.09757,1.09777,2.00,1.19
2017.10.13 14:15:02.000,1.09757,1.09779,1.50,1.19
2017.10.13 14:15:02.131,1.0976,1.09782,1.00,2.44
2017.10.13 14:15:02.285,1.0976,1.09782,2.06,2.06
2017.10.13 14:15:02.336,1.0976,1.09782,1.12,1.69
2017.10.13 14:15:02.889,1.0976,1.09782,3.00,1.31
2017.10.13 14:15:03.422,1.0976,1.09782,1.12,1.25
2017.10.13 14:15:03.954,1.0976,1.09782,3.38,1.44
2017.10.13 14:15:04.702,1.0976,1.09782,1.87,1.12
2017.10.13 14:15:04.917,1.09758,1.09778,2.44,1.00
2017.10.13 14:15:05.218,1.09758,1.09777,1.50,1.19
2017.10.13 14:15:05.371,1.09758,1.09778,1.00,1.00
2017.10.13 14:15:05.423,1.09758,1.09779,1.00,1.19
2017.10.13 14:15:05.729,1.09758,1.09779,1.00,1.19
2017.10.13 14:15:06.277,1.09758,1.09778,1.00,1.87
2017.10.13 14:15:06.785,1.09757,1.09775,1.00,1.63
2017.10.13 14:15:07.262,1.09755,1.09774,1.00,1.19
2017.10.13 14:15:07.578,1.09752,1.09772,1.12,1.00
2017.10.13 14:15:07.782,1.09748,1.09769,1.00,1.19
2017.10.13 14:15:08.105,1.09753,1.09773,1.00,1.44
2017.10.13 14:15:08.258,1.09753,1.09772,1.00,3.00
2017.10.13 14:15:08.360,1.09755,1.09772,1.00,1.63
2017.10.13 14:15:08.861,1.09755,1.09778,1.00,3.00
2017.10.13 14:15:09.370,1.09755,1.09771,1.00,1.00
2017.10.13 14:15:09.896,1.09755,1.09773,1.50,1.00
2017.10.13 14:15:09.999,1.09753,1.09773,1.00,1.00
2017.10.13 14:15:10.051,1.09753,1.0977,1.00,1.19
2017.10.13 14:15:10.205,1.09753,1.09771,1.25,1.00
2017.10.13 14:15:10.339,1.09753,1.09768,1.25,1.00
2017.10.13 14:15:11.394,1.09751,1.09768,1.00,1.25
2017.10.13 14:15:11.908,1.09751,1.09767,1.00,1.00
2017.10.13 14:15:12.077,1.09751,1.09769,2.62,1.00
2017.10.13 14:15:12.179,1.09751,1.09769,1.50,1.00
2017.10.13 14:15:12.281,1.09751,1.09772,2.44,1.50
2017.10.13 14:15:12.689,1.09751,1.0977,1.00,1.00
2017.10.13 14:15:12.993,1.09751,1.09767,1.00,1.25
2017.10.13 14:15:13.349,1.09757,1.09771,1.00,1.00
2017.10.13 14:15:13.502,1.09759,1.09775,1.00,1.00
2017.10.13 14:15:13.726,1.09759,1.09778,1.00,1.00
