2014.08.18 13:00:06.388,1.09834,1.09858,1.00,1.00
2014.08.18 13:00:06.999,1.09831,1.09856,1.00,1.00
2014.08.18 13:00:30.305,1.09831,1.09856,1.20,1.00
2014.08.18 13:00:30.356,1.09835,1.09858,1.00,1.00
2014.08.18 13:00:30.866,1.09834,1.09857,1.00,1.00
2014.08.18 13:00:31.429,1.09835,1.0986,1.00,1.50
2014.08.18 13:00:31.531,1.09834,1.09857,1.00,1.00
2014.08.18 13:00:36.706,1.09837,1.0986,1.00,1.00
2014.08.18 13:00:37.180,1.09834,1.09859,1.00,1.00
2014.08.18 13:00:37.585,1.09833,1.09856,1.00,1.00
2014.08.18 13:00:38.677,1.09831,1.09854,1.00,1.00
2014.08.18 13:00:47.166,1.09831,1.09854,1.18,1.00
2014.08.18 13:00:47.267,1.09833,1.09856,1.00,1.00
2014.08.18 13:00:47.602,1.09836,1.09856,1.00,1.00
2014.08.18 13:00:47.956,1.09836,1.09858,1.00,1.00
2014.08.18 13:00:52.186,1.09836,1.09859,1.00,1.00
2014.08.18 13:00:52.237,1.09834,1.09857,1.00,1.00
2014.08.18 13:00:52.541,1.09835,1.0986,1.00,1.50
2014.08.18 13:00:52.795,1.09838,1.0986,1.00,1.00
2014.08.18 13:00:53.449,1.09838,1.09861,1.00,1.00
2014.08.18 13:00:55.734,1.09835,1.09858,1.20,1.00
2014.08.18 13:01:02.585,1.09834,1.09857,1.65,1.00
2014.08.18 13:01:03.947,1.09834,1.09857,1.00,1.00
2014.08.18 13:01:04.257,1.09833,1.09855,1.13,1.00
2014.08.18 13:01:07.163,1.09836,1.09859,1.00,1.00
2014.08.18 13:01:07.214,1.09843,1.09859,1.00,1.00
2014.08.18 13:01:07.316,1.09836,1.09859,1.18,1.00
2014.08.18 13:01:07.720,1.09835,1.09859,1.88,1.00
2014.08.18 13:01:10.646,1.09834,1.09859,1.00,1.00
2014.08.18 13:01:10.696,1.09833,1.09856,1.50,1.00
2014.08.18 13:01:11.711,1.09839,1.09856,1.00,1.00
2014.08.18 13:01:11.813,1.09839,1.09859,1.08,1.00
2014.08.18 13:01:11.914,1.09842,1.09862,1.00,1.00
2014.08.18 13:01:12.225,1.09842,1.09864,1.15,1.00
2014.08.18 13:01:29.323,1.09839,1.09863,1.15,1.00
2014.08.18 13:01:29.628,1.09838,1.09858,1.00,1.00
2014.08.18 13:01:29.881,1.09836,1.0986,1.48,1.50
2014.08.18 13:01:30.135,1.09839,1.0986,1.00,1.50
2014.08.18 13:01:30.288,1.09839,1.09862,1.18,1.00
2014.08.18 13:01:30.847,1.09841,1.09864,1.00,1.00
2014.08.18 13:01:32.288,1.09838,1.09863,1.65,1.00
2014.08.18 13:01:32.436,1.09838,1.09861,1.65,1.00
2014.08.18 13:01:32.639,1.09838,1.09863,1.65,1.00
2014.08.18 13:01:32.740,1.09841,1.09863,1.08,1.00
2014.08.18 13:01:32.993,1.09841,1.09864,1.00,1.00
2014.08.18 13:01:33.044,1.09839,1.09864,1.58,1.00
2014.08.18 13:01:33.145,1.09839,1.09862,1.58,1.00
2014.08.18 13:01:33.449,1.09837,1.0986,1.50,1.00
2014.08.18 13:01:33.500,1.09838,1.09863,1.00,1.50
2014.08.18 13:01:33.551,1.09838,1.09863,1.15,1.50
2014.08.18 13:01:33.703,1.0984,1.09865,1.10,1.00
2014.08.18 13:01:35.018,1.09842,1.09865,1.00,1.00
2014.08.18 13:01:38.546,1.09842,1.09867,1.00,1.50
2014.08.18 13:01:39.109,1.09842,1.09863,1.00,1.00
2014.08.18 13:01:39.311,1.09842,1.09867,1.00,1.00
2014.08.18 13:01:54.466,1.09839,1.09864,1.15,1.00
2014.08.18 13:02:18.736,1.09846,1.09864,1.13,1.00
2014.08.18 13:02:18.787,1.09846,1.09866,1.13,1.00
2014.08.18 13:02:18.889,1.09846,1.09868,1.00,1.00
2014.08.18 13:02:18.940,1.09844,1.09868,1.50,1.50
2014.08.18 13:02:19.041,1.09842,1.09865,1.00,1.00
2014.08.18 13:02:19.345,1.09839,1.09862,1.00,1.00
2014.08.18 13:02:19.666,1.09839,1.09855,1.00,1.00
2014.08.18 13:02:20.762,1.09844,1.09855,1.00,1.00
2014.08.18 13:02:20.852,1.09836,1.09855,1.00,1.00
2014.08.18 13:02:20.954,1.09833,1.09855,2.03,1.00
2014.08.18 13:02:24.146,1.09833,1.09855,1.00,1.00
2014.08.18 13:02:28.153,1.09829,1.09854,1.15,2.25
2014.08.18 13:02:28.255,1.09828,1.09851,1.08,1.00
2014.08.18 13:02:28.306,1.09828,1.09851,1.00,1.00
2014.08.18 13:02:28.466,1.09826,1.09849,1.28,1.00
2014.08.18 13:02:29.980,1.09829,1.09849,1.00,1.00
2014.08.18 13:02:30.031,1.09829,1.09852,2.25,1.00
2014.08.18 13:02:30.132,1.09829,1.09852,2.78,1.00
2014.08.18 13:02:31.581,1.09833,1.09852,1.00,1.00
2014.08.18 13:02:31.989,1.09833,1.09855,1.15,1.00
2014.08.18 13:02:32.502,1.09833,1.09856,1.65,1.00
2014.08.18 13:02:37.816,1.09833,1.09855,1.10,1.00
2014.08.18 13:03:02.264,1.09834,1.09857,1.00,1.00
2014.08.18 13:03:07.817,1.09834,1.09856,1.00,1.00
2014.08.18 13:03:08.325,1.09834,1.09857,1.00,1.00
2014.08.18 13:03:09.505,1.09833,1.09856,1.20,1.00
2014.08.18 13:03:17.834,1.09833,1.09856,1.08,1.00
2014.08.18 13:03:26.460,1.09834,1.09859,1.58,1.00
2014.08.18 13:03:26.780,1.09834,1.09854,1.10,1.00
2014.08.18 13:03:27.083,1.09834,1.09852,1.10,1.00
2014.08.18 13:03:29.669,1.09831,1.09852,1.08,1.00
2014.08.18 13:03:29.720,1.09829,1.09852,1.20,1.00
2014.08.18 13:03:34.719,1.09831,1.09854,1.00,1.00
2014.08.18 13:03:42.920,1.09832,1.09857,1.00,1.00
2014.08.18 13:03:56.238,1.09835,1.09858,1.00,1.00
2014.08.18 13:04:35.856,1.09836,1.09858,1.00,1.00
2014.08.18 13:04:36.362,1.09835,1.09858,1.00,1.00
2014.08.18 13:04:40.351,1.09835,1.09857,1.00,1.00
2014.08.18 13:04:40.654,1.09835,1.09855,1.00,1.00
2014.08.18 13:04:41.193,1.09835,1.09854,1.00,1.00
2014.08.18 13:04:41.476,1.09832,1.09852,1.00,1.00
2014.08.18 13:04:41.988,1.09832,1.09851,1.00,1.00
2014.08.18 13:04:42.443,1.0983,1.09851,1.00,1.00
2014.08.18 13:04:44.091,1.0983,1.09855,1.00,1.00
2014.08.18 13:04:44.193,1.09832,1.09855,1.00,1.00
2014.08.18 13:04:44.496,1.0983,1.09848,1.00,1.00
2014.08.18 13:04:44.547,1.09827,1.09848,1.00,1.00
2014.08.18 13:04:44.648,1.09829,1.09853,1.00,1.00
2014.08.18 13:04:45.948,1.09829,1.09853,1.95,1.00
2014.08.18 13:04:46.403,1.09834,1.09856,1.00,1.00
2014.08.18 13:04:46.508,1.09831,1.09856,1.00,1.50
2014.08.18 13:04:49.359,1.09831,1.09851,1.00,1.00
2014.08.18 13:04:49.561,1.09831,1.09853,1.00,1.00
2014.08.18 13:04:50.096,1.09831,1.09854,1.00,1.00
2014.08.18 13:04:50.647,1.09831,1.09855,1.00,1.00
2014.08.18 13:04:51.239,1.09831,1.09856,1.00,1.50
2014.08.18 13:04:52.311,1.09831,1.09855,1.00,1.00
2014.08.18 13:04:53.100,1.09831,1.09856,1.00,1.50
2014.08.18 13:05:07.623,1.09833,1.09858,1.50,1.00
2014.08.18 13:05:15.302,1.09835,1.09858,1.00,1.00
2014.08.18 13:05:15.635,1.09838,1.09858,1.00,1.00
2014.08.18 13:05:15.736,1.09841,1.09863,1.50,1.00
2014.08.18 13:05:15.787,1.09843,1.09866,1.00,1.00
2014.08.18 13:05:16.546,1.09841,1.09864,1.00,1.00
2014.08.18 13:05:17.001,1.09839,1.09862,1.00,1.00
2014.08.18 13:05:17.305,1.09843,1.09862,1.00,1.00
2014.08.18 13:05:17.406,1.09841,1.09862,1.00,1.00
2014.08.18 13:05:17.861,1.09843,1.09862,1.00,1.00
2014.08.18 13:05:18.427,1.09845,1.09862,1.00,1.00
2014.08.18 13:05:18.529,1.09843,1.09862,1.00,1.00
2014.08.18 13:05:18.630,1.09849,1.09863,1.00,1.00
2014.08.18 13:05:18.732,1.09849,1.09865,1.00,1.00
2014.08.18 13:05:18.833,1.09851,1.09865,1.00,1.00
2014.08.18 13:05:18.884,1.09851,1.09868,1.00,1.00
2014.08.18 13:05:19.086,1.09853,1.09872,1.00,1.00
2014.08.18 13:05:19.592,1.09853,1.09873,1.00,1.00
2014.08.18 13:05:20.205,1.09853,1.09876,1.00,1.00
2014.08.18 13:05:20.711,1.09854,1.09877,1.00,1.00
2014.08.18 13:05:21.151,1.09854,1.09879,1.00,1.50
2014.08.18 13:05:21.573,1.09856,1.09879,1.00,1.50
2014.08.18 13:05:21.880,1.09858,1.09879,1.00,1.50
2014.08.18 13:05:22.188,1.0986,1.09879,1.00,1.00
2014.08.18 13:05:22.493,1.09862,1.09879,1.00,1.00
2014.08.18 13:05:23.107,1.09862,1.09882,1.00,1.00
2014.08.18 13:05:23.209,1.09862,1.09886,1.00,1.58
2014.08.18 13:05:24.363,1.09866,1.09886,1.00,1.58
2014.08.18 13:05:25.481,1.09861,1.09884,1.00,1.00
2014.08.18 13:05:26.013,1.09861,1.09885,1.00,1.00
2014.08.18 13:05:27.433,1.09861,1.09884,1.00,1.00
2014.08.18 13:05:28.392,1.09861,1.09882,1.00,1.00
2014.08.18 13:05:29.613,1.09861,1.09877,1.00,1.00
2014.08.18 13:05:29.765,1.09858,1.09877,1.00,1.00
2014.08.18 13:05:29.867,1.09858,1.09874,1.00,1.00
2014.08.18 13:05:29.968,1.09854,1.09874,1.00,1.00
2014.08.18 13:05:30.170,1.09852,1.09874,1.00,1.00
2014.08.18 13:05:30.376,1.09852,1.0987,1.00,1.00
2014.08.18 13:05:30.680,1.09851,1.09865,1.00,1.00
2014.08.18 13:05:30.731,1.09848,1.09865,1.00,1.00
2014.08.18 13:05:31.085,1.09843,1.09864,1.00,1.00
2014.08.18 13:05:31.392,1.09843,1.09861,1.00,1.00
2014.08.18 13:05:31.748,1.09841,1.09861,1.10,1.00
2014.08.18 13:05:33.370,1.0984,1.09859,1.08,1.00
2014.08.18 13:05:33.826,1.09838,1.09859,1.00,1.00
2014.08.18 13:05:34.343,1.09838,1.09854,1.00,1.00
2014.08.18 13:05:34.596,1.09835,1.09856,1.50,1.00
2014.08.18 13:05:34.698,1.09838,1.09855,1.00,1.00
2014.08.18 13:05:35.107,1.09838,1.0986,1.50,1.00
2014.08.18 13:05:37.362,1.09838,1.0986,1.00,1.69
2014.08.18 13:05:38.386,1.09838,1.0986,1.00,1.69
2014.08.18 13:05:38.907,1.09838,1.09858,1.00,1.00
2014.08.18 13:05:40.092,1.09838,1.0986,1.00,1.69
2014.08.18 13:05:40.447,1.09838,1.09861,1.00,1.00
2014.08.18 13:05:40.750,1.09834,1.09859,1.00,1.00
2014.08.18 13:05:41.258,1.09835,1.0986,1.00,1.00
2014.08.18 13:05:41.309,1.09838,1.09861,1.00,1.00
2014.08.18 13:05:43.083,1.09836,1.09859,1.00,1.00
2014.08.18 13:05:43.185,1.09833,1.09858,1.58,1.00
2014.08.18 13:05:44.275,1.09836,1.09859,1.00,1.00
2014.08.18 13:05:51.289,1.09838,1.09861,1.00,1.50
2014.08.18 13:06:11.089,1.09838,1.09857,1.00,1.00
2014.08.18 13:06:11.260,1.09834,1.09857,1.00,1.50
2014.08.18 13:06:11.841,1.09834,1.09856,1.00,1.00
2014.08.18 13:06:12.094,1.09834,1.09854,1.00,1.00
2014.08.18 13:06:12.651,1.09834,1.09852,1.00,1.00
2014.08.18 13:06:13.086,1.09832,1.0985,1.18,1.00
2014.08.18 13:06:13.629,1.09832,1.09846,1.00,1.00
2014.08.18 13:06:13.983,1.0983,1.09846,1.00,1.00
2014.08.18 13:06:14.631,1.0983,1.0985,1.00,1.00
2014.08.18 13:06:14.833,1.09831,1.09848,1.00,1.00
2014.08.18 13:06:15.454,1.0983,1.09848,1.00,1.00
2014.08.18 13:06:16.368,1.0983,1.09847,1.00,1.00
2014.08.18 13:06:17.924,1.09833,1.09853,1.00,1.44
2014.08.18 13:06:20.433,1.09833,1.09855,1.10,1.00
2014.08.18 13:06:23.628,1.09833,1.09856,1.10,1.00
2014.08.18 13:06:32.454,1.09834,1.09859,1.00,1.00
2014.08.18 13:06:43.493,1.09834,1.09858,1.00,1.00
2014.08.18 13:06:43.696,1.09837,1.0986,1.00,1.00
2014.08.18 13:06:44.203,1.09838,1.09863,1.00,2.25
2014.08.18 13:06:44.718,1.09837,1.09862,1.10,1.00
2014.08.18 13:06:55.386,1.09837,1.09861,1.10,1.00
2014.08.18 13:07:37.091,1.09837,1.09859,1.00,1.00
2014.08.18 13:07:44.481,1.09832,1.09859,1.08,1.00
2014.08.18 13:07:45.118,1.09832,1.09862,1.08,1.50
2014.08.18 13:07:46.558,1.09832,1.0986,1.08,1.00
2014.08.18 13:07:46.929,1.09836,1.09859,1.00,1.00
2014.08.18 13:08:02.126,1.09834,1.09857,1.00,1.00
2014.08.18 13:08:02.430,1.09828,1.09851,1.00,1.20
2014.08.18 13:08:02.532,1.09829,1.09854,1.00,1.10
2014.08.18 13:08:02.642,1.09827,1.09852,1.50,1.00
2014.08.18 13:08:02.952,1.09831,1.0985,1.00,1.00
2014.08.18 13:08:03.054,1.09832,1.09855,1.00,1.00
2014.08.18 13:08:03.561,1.09833,1.09856,1.00,1.00
2014.08.18 13:08:04.179,1.09831,1.09856,1.00,1.00
2014.08.18 13:08:05.621,1.09831,1.09855,1.00,1.00
2014.08.18 13:08:08.136,1.09831,1.09856,1.00,1.00
2014.08.18 13:08:08.675,1.09831,1.09855,1.00,1.00
2014.08.18 13:08:13.629,1.09831,1.09856,1.00,1.00
2014.08.18 13:08:17.382,1.09831,1.09855,1.00,1.00
2014.08.18 13:08:17.953,1.09831,1.09854,1.00,1.00
2014.08.18 13:08:18.156,1.09837,1.09856,1.00,1.50
2014.08.18 13:08:18.359,1.09836,1.09859,2.33,1.00
2014.08.18 13:08:18.411,1.0984,1.09859,1.00,1.00
2014.08.18 13:08:18.917,1.0984,1.0986,1.00,1.00
2014.08.18 13:08:19.548,1.0984,1.09859,1.00,1.00
2014.08.18 13:08:21.324,1.0984,1.09857,1.00,1.00
2014.08.18 13:08:21.476,1.09837,1.09857,1.00,1.00
2014.08.18 13:08:21.578,1.09834,1.09857,1.00,1.00
2014.08.18 13:08:21.679,1.09834,1.09855,1.00,1.00
2014.08.18 13:08:21.881,1.09832,1.09855,1.00,1.00
2014.08.18 13:08:52.640,1.09834,1.09855,1.00,1.00
2014.08.18 13:08:52.894,1.09839,1.09861,1.00,1.00
2014.08.18 13:08:53.047,1.09837,1.0986,1.00,1.00
2014.08.18 13:08:57.783,1.09839,1.09861,1.50,1.00
2014.08.18 13:08:57.986,1.09837,1.0986,1.00,1.00
2014.08.18 13:09:02.921,1.09839,1.09862,1.00,1.15
2014.08.18 13:09:03.443,1.09839,1.09862,1.00,1.00
2014.08.18 13:09:08.043,1.09836,1.09861,1.00,1.00
2014.08.18 13:09:08.094,1.09836,1.09858,1.00,1.00
2014.08.18 13:09:08.600,1.09836,1.09859,1.00,1.00
2014.08.18 13:09:16.316,1.09836,1.09858,1.00,1.00
2014.08.18 13:09:16.875,1.09835,1.09858,1.00,1.50
2014.08.18 13:09:24.116,1.09835,1.09857,1.00,1.00
2014.08.18 13:09:36.346,1.09835,1.09858,1.00,2.25
2014.08.18 13:09:42.075,1.09835,1.09856,1.00,1.00
2014.08.18 13:09:42.329,1.09835,1.09858,1.00,1.50
2014.08.18 13:09:43.647,1.09835,1.09857,1.00,1.00
2014.08.18 13:09:44.154,1.09835,1.09858,1.00,1.50
2014.08.18 13:09:44.861,1.09837,1.0986,1.00,1.00
2014.08.18 13:09:47.269,1.09838,1.09861,1.00,1.00
2014.08.18 13:09:50.108,1.09838,1.0986,1.00,1.00
2014.08.18 13:09:50.209,1.09835,1.09858,1.00,1.00
2014.08.18 13:09:51.322,1.09835,1.09857,1.00,1.00
2014.08.18 13:09:53.321,1.09832,1.09857,1.50,1.50
2014.08.18 13:09:54.725,1.09835,1.09857,1.00,1.00
2014.08.18 13:09:55.610,1.09835,1.09855,1.00,1.00
2014.08.18 13:09:57.796,1.09835,1.09859,1.00,1.00
2014.08.18 13:09:58.049,1.09838,1.09859,1.00,1.00
2014.08.18 13:09:59.019,1.09838,1.0986,1.00,1.50
2014.08.18 13:09:59.323,1.09838,1.09855,1.00,1.00
2014.08.18 13:09:59.485,1.09833,1.09851,1.50,1.00
2014.08.18 13:09:59.586,1.09835,1.09855,1.00,1.00
2014.08.18 13:09:59.789,1.09834,1.09853,1.00,1.00
2014.08.18 13:09:59.890,1.09834,1.09857,1.00,1.50
2014.08.18 13:10:00.143,1.09834,1.09859,1.00,1.50
2014.08.18 13:10:05.300,1.09834,1.09857,1.00,1.00
2014.08.18 13:10:16.284,1.09834,1.09855,1.00,1.00
2014.08.18 13:10:17.015,1.09833,1.09855,1.00,1.00
2014.08.18 13:10:27.609,1.09833,1.09853,1.00,1.00
2014.08.18 13:10:32.376,1.09833,1.09855,1.00,1.00
2014.08.18 13:10:32.477,1.09831,1.09855,1.00,1.00
2014.08.18 13:10:32.982,1.09831,1.09856,1.00,1.50
2014.08.18 13:10:53.105,1.09831,1.09855,1.00,1.00
2014.08.18 13:10:53.156,1.0983,1.09853,1.00,1.00
2014.08.18 13:10:53.460,1.09834,1.09854,1.00,1.00
2014.08.18 13:10:54.573,1.09831,1.09854,1.00,1.00
2014.08.18 13:10:56.786,1.09833,1.09856,1.00,1.00
2014.08.18 13:10:57.140,1.0983,1.09855,1.50,1.50
2014.08.18 13:10:57.343,1.0983,1.09853,1.50,1.00
2014.08.18 13:11:01.376,1.0983,1.09854,1.50,1.00
2014.08.18 13:11:02.161,1.0983,1.09855,1.50,1.50
2014.08.18 13:11:35.506,1.09829,1.09852,1.00,1.00
2014.08.18 13:11:40.339,1.09826,1.09851,1.00,1.00
2014.08.18 13:11:40.510,1.09826,1.09851,1.00,1.08
2014.08.18 13:11:41.584,1.09826,1.09851,1.00,1.10
2014.08.18 13:11:43.836,1.09829,1.09851,1.00,1.00
2014.08.18 13:11:44.504,1.09828,1.09851,1.00,1.00
2014.08.18 13:11:49.362,1.09826,1.09851,1.00,1.00
2014.08.18 13:12:15.195,1.09826,1.0985,1.00,1.00
2014.08.18 13:12:20.372,1.09824,1.09849,1.00,1.00
2014.08.18 13:12:21.808,1.09827,1.0985,1.00,1.00
2014.08.18 13:12:22.264,1.09829,1.09851,1.00,1.00
2014.08.18 13:12:22.365,1.09829,1.09854,1.00,1.00
2014.08.18 13:12:22.619,1.09827,1.09852,1.00,1.00
2014.08.18 13:12:22.923,1.09825,1.09849,1.00,1.00
2014.08.18 13:12:23.228,1.09824,1.09847,1.50,1.00
2014.08.18 13:12:31.166,1.09824,1.09845,1.00,1.00
2014.08.18 13:12:31.268,1.09822,1.09845,1.00,1.00
2014.08.18 13:12:31.880,1.09822,1.09846,1.00,1.00
2014.08.18 13:12:33.151,1.09822,1.09847,1.00,1.00
2014.08.18 13:12:33.253,1.09824,1.09848,1.00,1.00
2014.08.18 13:12:33.762,1.09824,1.09847,1.00,1.00
2014.08.18 13:12:34.120,1.09824,1.09844,1.00,1.00
2014.08.18 13:12:34.918,1.09824,1.09846,1.00,1.00
2014.08.18 13:12:35.437,1.09824,1.09847,1.00,1.00
2014.08.18 13:12:35.910,1.09822,1.09845,1.00,1.00
2014.08.18 13:12:37.912,1.09824,1.09845,1.15,1.00
2014.08.18 13:12:38.114,1.09826,1.09849,1.00,2.40
2014.08.18 13:12:38.215,1.09824,1.09847,1.00,1.00
2014.08.18 13:12:38.519,1.09827,1.09849,1.00,1.00
2014.08.18 13:12:38.671,1.09824,1.09849,1.50,1.50
2014.08.18 13:12:39.654,1.09826,1.09851,1.00,1.50
2014.08.18 13:13:02.389,1.09825,1.0985,1.00,1.00
2014.08.18 13:13:02.897,1.09825,1.0985,1.00,1.58
2014.08.18 13:13:03.710,1.09823,1.09848,1.50,1.00
2014.08.18 13:13:08.519,1.09825,1.09848,1.00,1.00
2014.08.18 13:13:09.038,1.09826,1.09849,1.00,1.00
2014.08.18 13:13:11.139,1.09826,1.09847,1.00,1.00
2014.08.18 13:13:11.342,1.09826,1.09849,1.00,1.00
2014.08.18 13:13:46.934,1.09822,1.09846,1.00,1.00
2014.08.18 13:13:55.158,1.09824,1.09846,1.00,1.00
2014.08.18 13:13:55.310,1.09826,1.09851,1.28,1.00
2014.08.18 13:13:55.412,1.09827,1.09851,1.38,1.00
2014.08.18 13:13:55.715,1.0983,1.09851,1.00,1.00
2014.08.18 13:13:55.766,1.0983,1.09853,1.00,1.00
2014.08.18 13:14:28.567,1.09831,1.09853,1.00,1.00
2014.08.18 13:14:28.668,1.09831,1.09855,1.00,1.00
2014.08.18 13:15:11.248,1.09829,1.09851,1.00,1.00
2014.08.18 13:15:11.451,1.09826,1.09849,1.88,1.00
2014.08.18 13:15:11.603,1.09823,1.09846,2.78,1.00
2014.08.18 13:15:11.907,1.09823,1.09846,1.95,1.00
2014.08.18 13:15:12.211,1.09823,1.09844,1.13,1.00
2014.08.18 13:15:34.266,1.0982,1.09844,1.48,1.00
2014.08.18 13:15:34.772,1.09822,1.09844,1.00,1.00
2014.08.18 13:15:35.288,1.09822,1.09844,1.18,1.00
2014.08.18 13:15:55.263,1.0982,1.09844,1.55,1.00
2014.08.18 13:16:03.019,1.0982,1.09844,1.53,1.00
2014.08.18 13:16:08.628,1.09821,1.09842,1.28,1.00
2014.08.18 13:16:23.243,1.0982,1.09842,1.58,1.00
2014.08.18 13:16:31.608,1.09821,1.09844,1.13,1.00
2014.08.18 13:16:38.493,1.09822,1.09844,1.00,1.00
2014.08.18 13:16:38.545,1.09822,1.09845,1.65,1.00
2014.08.18 13:16:38.797,1.09828,1.09852,1.00,1.00
2014.08.18 13:16:38.848,1.09828,1.09852,1.08,1.00
2014.08.18 13:16:39.152,1.09821,1.09846,2.40,1.00
2014.08.18 13:16:40.473,1.09821,1.09846,2.25,1.00
2014.08.18 13:16:41.096,1.09829,1.09846,1.00,1.00
2014.08.18 13:16:41.198,1.09827,1.09852,2.33,1.00
2014.08.18 13:16:41.350,1.09828,1.09847,1.10,1.00
2014.08.18 13:16:41.653,1.09824,1.09845,1.00,1.00
2014.08.18 13:16:42.160,1.09823,1.09845,1.00,1.00
2014.08.18 13:16:43.565,1.09829,1.09845,1.00,1.00
2014.08.18 13:16:43.718,1.09829,1.09852,1.10,1.00
2014.08.18 13:16:43.870,1.09829,1.09848,1.10,1.00
2014.08.18 13:16:43.972,1.09826,1.09848,1.50,1.00
2014.08.18 13:16:44.505,1.09826,1.09849,1.00,1.50
2014.08.18 13:16:44.808,1.09823,1.09848,1.00,1.00
2014.08.18 13:16:47.828,1.09827,1.09848,1.00,1.00
2014.08.18 13:16:47.930,1.09828,1.09852,1.00,1.18
2014.08.18 13:16:48.082,1.09828,1.09845,1.20,1.00
2014.08.18 13:16:48.284,1.09826,1.09845,1.00,1.00
2014.08.18 13:16:48.335,1.09822,1.09845,1.58,1.50
2014.08.18 13:16:50.287,1.09826,1.09845,1.00,1.00
2014.08.18 13:16:50.541,1.09828,1.0985,1.50,1.00
2014.08.18 13:16:50.592,1.09828,1.09846,1.00,1.00
2014.08.18 13:16:50.643,1.09826,1.09846,1.00,1.00
2014.08.18 13:16:50.744,1.09823,1.09846,1.50,1.00
2014.08.18 13:16:50.998,1.0982,1.09844,1.28,1.00
2014.08.18 13:16:52.176,1.0982,1.09844,1.20,1.00
2014.08.18 13:16:53.503,1.09821,1.09844,1.00,1.00
2014.08.18 13:16:55.806,1.09827,1.09844,1.00,1.00
2014.08.18 13:16:55.958,1.09827,1.0985,1.00,1.00
2014.08.18 13:16:56.060,1.09827,1.09847,1.00,1.00
2014.08.18 13:16:56.313,1.09822,1.09847,1.08,1.50
2014.08.18 13:16:56.364,1.09822,1.09847,1.00,1.50
2014.08.18 13:16:56.516,1.0982,1.09845,2.70,1.00
2014.08.18 13:16:58.690,1.09821,1.09846,1.15,1.00
2014.08.18 13:16:58.892,1.0983,1.0985,1.00,1.00
2014.08.18 13:16:58.943,1.09827,1.0985,1.00,1.00
2014.08.18 13:16:59.095,1.09827,1.0985,1.15,1.00
2014.08.18 13:16:59.247,1.0983,1.09852,1.00,1.00
2014.08.18 13:16:59.348,1.09827,1.0985,1.50,1.00
2014.08.18 13:16:59.449,1.09826,1.09847,1.00,1.00
2014.08.18 13:17:01.328,1.09829,1.09847,1.00,1.00
2014.08.18 13:17:01.842,1.0983,1.09848,1.00,1.00
2014.08.18 13:17:02.247,1.09827,1.09848,1.55,1.00
2014.08.18 13:17:02.753,1.09827,1.09848,1.10,1.00
2014.08.18 13:17:08.864,1.09828,1.09848,1.13,1.00
2014.08.18 13:17:08.915,1.0983,1.09848,1.00,1.00
2014.08.18 13:17:09.219,1.09833,1.09848,1.00,1.00
2014.08.18 13:17:10.369,1.09829,1.09848,1.15,1.00
2014.08.18 13:17:10.522,1.09829,1.09848,1.00,1.00
2014.08.18 13:17:10.623,1.09827,1.09848,1.20,1.00
2014.08.18 13:17:10.775,1.09825,1.09846,1.13,1.00
2014.08.18 13:17:20.669,1.09822,1.09844,2.03,1.00
2014.08.18 13:17:20.973,1.09822,1.09842,1.55,1.00
2014.08.18 13:17:21.677,1.09824,1.09844,1.38,1.00
2014.08.18 13:17:30.701,1.09823,1.09844,1.45,1.00
2014.08.18 13:17:30.904,1.09829,1.09848,1.00,1.00
2014.08.18 13:17:31.423,1.09829,1.09849,1.00,1.00
2014.08.18 13:17:31.942,1.09828,1.09849,1.95,1.00
2014.08.18 13:17:32.297,1.09826,1.09849,1.50,1.00
2014.08.18 13:17:32.701,1.09823,1.09845,1.53,1.00
2014.08.18 13:17:52.680,1.09823,1.09845,1.95,1.00
2014.08.18 13:17:59.525,1.09824,1.09846,1.13,1.00
2014.08.18 13:18:18.528,1.09824,1.09846,1.08,1.00
2014.08.18 13:18:18.680,1.0983,1.09848,1.10,1.00
2014.08.18 13:18:18.933,1.09833,1.09848,1.00,1.00
2014.08.18 13:18:19.136,1.0983,1.09848,1.10,1.00
2014.08.18 13:18:19.642,1.09824,1.09847,2.03,1.00
2014.08.18 13:18:19.844,1.09824,1.09847,2.03,1.00
2014.08.18 13:18:19.996,1.09824,1.09845,1.55,1.00
2014.08.18 13:18:21.131,1.09829,1.09845,1.00,1.00
2014.08.18 13:18:21.182,1.09829,1.09847,1.00,1.00
2014.08.18 13:18:21.283,1.0983,1.09849,1.50,1.00
2014.08.18 13:18:21.384,1.0983,1.09849,1.95,1.00
2014.08.18 13:18:21.436,1.0983,1.09851,2.03,1.00
2014.08.18 13:18:23.298,1.0983,1.09851,2.40,1.00
2014.08.18 13:18:23.551,1.09841,1.09859,1.50,1.00
2014.08.18 13:18:23.754,1.09836,1.09859,1.00,1.00
2014.08.18 13:18:23.856,1.09836,1.09857,1.00,1.00
2014.08.18 13:18:25.374,1.09843,1.09857,1.00,1.00
2014.08.18 13:18:25.476,1.09845,1.09865,1.00,1.00
2014.08.18 13:18:25.982,1.09846,1.09865,1.00,1.00
2014.08.18 13:18:26.033,1.09846,1.09869,1.00,1.00
2014.08.18 13:18:26.538,1.09845,1.09869,1.00,1.00
2014.08.18 13:18:26.589,1.09845,1.09867,1.00,1.00
2014.08.18 13:18:31.370,1.09845,1.09867,1.38,1.00
2014.08.18 13:18:33.930,1.09845,1.09867,1.45,1.00
2014.08.18 13:18:42.574,1.09854,1.09867,1.50,1.00
2014.08.18 13:18:42.777,1.09854,1.09871,1.00,1.00
2014.08.18 13:18:42.929,1.09851,1.09871,1.15,1.00
2014.08.18 13:18:43.030,1.09848,1.09871,1.48,1.00
2014.08.18 13:18:43.081,1.09846,1.09868,1.55,1.00
2014.08.18 13:18:45.407,1.09853,1.09868,1.00,1.00
2014.08.18 13:18:45.508,1.09853,1.09873,1.10,1.00
2014.08.18 13:18:45.711,1.09853,1.0987,1.10,1.00
2014.08.18 13:18:45.762,1.09849,1.0987,1.18,1.00
2014.08.18 13:18:45.965,1.09847,1.0987,1.95,1.00
2014.08.18 13:18:46.482,1.09846,1.0987,1.08,1.00
2014.08.18 13:18:46.584,1.09846,1.09866,1.08,1.00
2014.08.18 13:18:52.081,1.09854,1.09866,1.00,1.00
2014.08.18 13:18:52.233,1.09855,1.09871,1.00,1.00
2014.08.18 13:18:52.283,1.09855,1.09871,1.08,1.00
2014.08.18 13:18:52.537,1.09849,1.09871,1.65,1.00
2014.08.18 13:18:52.638,1.09849,1.09868,1.15,1.00
2014.08.18 13:18:54.330,1.09853,1.09868,1.50,1.00
2014.08.18 13:18:54.432,1.09853,1.09873,1.00,1.00
2014.08.18 13:18:54.685,1.09852,1.09873,1.15,1.00
2014.08.18 13:18:54.837,1.09849,1.0987,2.03,1.00
2014.08.18 13:18:54.939,1.09849,1.0987,1.95,1.00
2014.08.18 13:18:56.536,1.09853,1.0987,1.08,1.00
2014.08.18 13:18:56.841,1.09856,1.09872,1.00,1.00
2014.08.18 13:18:56.892,1.09851,1.09872,1.28,1.00
2014.08.18 13:18:56.943,1.0985,1.0987,1.65,1.00
2014.08.18 13:18:56.994,1.0985,1.0987,1.58,1.00
2014.08.18 13:18:57.501,1.09846,1.09869,2.03,1.00
2014.08.18 13:18:59.811,1.09846,1.09869,1.95,1.00
2014.08.18 13:19:00.550,1.09852,1.09869,1.00,1.00
2014.08.18 13:19:00.702,1.09854,1.09872,1.00,1.00
2014.08.18 13:19:00.905,1.09852,1.0987,1.15,1.00
2014.08.18 13:19:01.006,1.09849,1.0987,1.65,1.00
2014.08.18 13:19:01.535,1.09847,1.09869,1.53,1.00
2014.08.18 13:19:01.586,1.09847,1.09869,1.48,1.00
2014.08.18 13:19:01.688,1.09847,1.09866,1.48,1.00
2014.08.18 13:19:02.212,1.09847,1.09866,1.10,1.00
2014.08.18 13:19:04.754,1.09847,1.09868,1.15,1.00
2014.08.18 13:19:04.957,1.09854,1.09872,1.50,1.00
2014.08.18 13:19:05.209,1.09852,1.09872,1.00,1.00
2014.08.18 13:19:05.261,1.09849,1.09872,1.65,1.00
2014.08.18 13:19:05.312,1.09849,1.09869,1.15,1.00
2014.08.18 13:19:05.842,1.09845,1.09868,2.78,1.00
2014.08.18 13:19:05.994,1.09845,1.09868,2.78,1.00
2014.08.18 13:19:09.465,1.09846,1.09869,1.65,1.00
2014.08.18 13:19:19.349,1.09846,1.09869,1.65,1.00
2014.08.18 13:19:19.704,1.09854,1.09872,1.10,1.00
2014.08.18 13:19:19.856,1.09856,1.09872,1.00,1.00
2014.08.18 13:19:20.311,1.0985,1.09871,1.53,1.00
2014.08.18 13:19:20.396,1.09849,1.09869,2.03,1.00
2014.08.18 13:19:20.699,1.09849,1.09869,3.45,1.00
2014.08.18 13:19:21.712,1.09848,1.09868,1.45,1.00
2014.08.18 13:19:21.813,1.09849,1.0987,1.20,1.00
2014.08.18 13:19:29.135,1.09847,1.0987,2.03,1.00
2014.08.18 13:19:29.642,1.09848,1.0987,1.53,1.00
2014.08.18 13:19:49.421,1.09848,1.0987,2.03,1.00
2014.08.18 13:19:52.711,1.09848,1.09869,1.55,1.00
2014.08.18 13:19:53.240,1.09847,1.0987,1.53,1.00
2014.08.18 13:20:04.602,1.09847,1.09868,1.28,1.00
2014.08.18 13:20:09.758,1.09847,1.09868,1.28,1.00
2014.08.18 13:20:18.678,1.09846,1.09867,1.28,1.00
2014.08.18 13:20:26.161,1.09845,1.09868,1.53,1.00
2014.08.18 13:20:42.971,1.09847,1.09868,1.15,1.00
2014.08.18 13:20:43.494,1.09847,1.09868,1.53,1.00
2014.08.18 13:20:43.997,1.09847,1.09869,1.53,1.00
2014.08.18 13:20:45.560,1.09847,1.09869,1.53,1.00
2014.08.18 13:21:05.767,1.09848,1.09869,2.03,1.00
2014.08.18 13:21:43.584,1.09847,1.09877,2.03,2.25
2014.08.18 13:22:06.115,1.09847,1.09877,1.53,1.50
2014.08.18 13:22:19.058,1.09856,1.09878,1.10,1.00
2014.08.18 13:22:19.362,1.09857,1.09872,1.00,1.00
2014.08.18 13:22:19.717,1.09852,1.09872,1.48,1.00
2014.08.18 13:22:20.240,1.09853,1.09871,1.53,1.00
2014.08.18 13:22:22.055,1.09857,1.09871,1.15,1.00
2014.08.18 13:22:22.106,1.09858,1.09873,1.18,1.00
2014.08.18 13:22:23.476,1.09854,1.09873,1.28,1.00
2014.08.18 13:22:23.734,1.09855,1.09871,1.10,1.00
2014.08.18 13:22:24.044,1.09856,1.09871,1.15,1.00
2014.08.18 13:22:24.247,1.09853,1.09871,2.03,1.00
2014.08.18 13:22:26.115,1.09853,1.09871,2.03,1.00
2014.08.18 13:22:27.777,1.09857,1.09871,1.00,1.00
2014.08.18 13:22:28.326,1.09858,1.09872,1.00,1.00
2014.08.18 13:22:29.289,1.09855,1.09872,1.00,1.00
2014.08.18 13:22:29.832,1.09855,1.09872,1.15,1.00
2014.08.18 13:22:32.245,1.09853,1.09872,1.58,1.00
2014.08.18 13:22:32.296,1.09853,1.0987,1.58,1.00
2014.08.18 13:22:36.413,1.0985,1.0987,1.48,1.00
2014.08.18 13:22:36.514,1.0985,1.09868,1.00,1.00
2014.08.18 13:22:37.121,1.09848,1.09868,1.13,1.00
2014.08.18 13:22:39.119,1.09856,1.09868,1.00,1.00
2014.08.18 13:22:39.221,1.09856,1.09874,1.00,1.00
2014.08.18 13:22:39.474,1.0985,1.09869,1.65,1.00
2014.08.18 13:22:39.575,1.09849,1.09871,1.90,1.00
2014.08.18 13:22:39.677,1.09848,1.09868,1.95,1.00
2014.08.18 13:22:39.781,1.09848,1.09871,1.95,1.00
2014.08.18 13:22:39.883,1.09848,1.09871,1.95,1.00
2014.08.18 13:22:41.096,1.09848,1.09868,1.20,1.00
2014.08.18 13:22:43.252,1.09845,1.09868,3.45,1.00
2014.08.18 13:22:43.757,1.09846,1.09869,1.50,1.00
2014.08.18 13:22:44.635,1.09845,1.09869,2.70,1.00
2014.08.18 13:22:46.235,1.09845,1.09866,1.95,1.00
2014.08.18 13:22:46.539,1.09845,1.09863,1.00,1.00
2014.08.18 13:22:46.843,1.09848,1.09863,1.00,1.00
2014.08.18 13:22:47.260,1.09846,1.09864,1.00,1.00
2014.08.18 13:22:47.584,1.09846,1.09866,1.00,1.00
2014.08.18 13:22:49.465,1.09846,1.09868,1.00,1.00
2014.08.18 13:22:59.512,1.09845,1.09868,1.88,1.00
2014.08.18 13:22:59.614,1.0984,1.09865,2.63,1.10
2014.08.18 13:22:59.665,1.09843,1.09865,1.13,1.10
2014.08.18 13:23:00.120,1.09846,1.09865,1.00,1.00
2014.08.18 13:23:00.375,1.09846,1.09867,1.00,1.00
2014.08.18 13:23:00.908,1.09849,1.09868,1.00,1.00
2014.08.18 13:23:04.085,1.09851,1.09868,1.00,1.00
2014.08.18 13:23:04.388,1.09853,1.09868,1.50,1.00
2014.08.18 13:23:10.678,1.0985,1.09868,1.00,1.00
2014.08.18 13:23:11.909,1.09854,1.09871,1.00,1.00
2014.08.18 13:23:12.010,1.09854,1.09874,1.00,1.00
2014.08.18 13:23:12.213,1.09856,1.09874,1.00,1.00
2014.08.18 13:23:16.188,1.09856,1.09876,1.00,1.00
2014.08.18 13:23:16.240,1.09856,1.09876,1.38,1.00
2014.08.18 13:23:19.022,1.0986,1.09876,1.00,1.00
2014.08.18 13:23:27.440,1.09859,1.09876,1.00,1.00
2014.08.18 13:23:27.541,1.09856,1.09875,1.00,2.25
2014.08.18 13:23:27.642,1.0985,1.09869,1.00,1.00
2014.08.18 13:23:27.845,1.09844,1.09869,1.75,1.00
2014.08.18 13:23:27.947,1.09844,1.09869,1.05,1.00
2014.08.18 13:23:28.503,1.09844,1.09869,1.05,2.40
2014.08.18 13:23:29.211,1.09843,1.09866,1.00,1.10
2014.08.18 13:23:30.041,1.09851,1.09866,1.00,1.10
2014.08.18 13:23:30.193,1.09851,1.0987,1.00,1.00
2014.08.18 13:23:30.702,1.09852,1.0987,1.00,1.00
2014.08.18 13:23:31.162,1.09845,1.0987,1.50,1.00
2014.08.18 13:23:31.568,1.09845,1.09868,1.00,1.00
2014.08.18 13:23:32.075,1.09844,1.09867,1.00,1.10
2014.08.18 13:23:33.107,1.09845,1.09867,1.00,1.00
2014.08.18 13:23:33.410,1.09851,1.0987,1.00,1.00
2014.08.18 13:23:34.906,1.09851,1.09872,1.00,1.00
2014.08.18 13:23:35.116,1.09851,1.09869,1.00,1.00
2014.08.18 13:23:35.622,1.0985,1.09869,1.00,1.00
2014.08.18 13:23:38.439,1.09846,1.09869,1.00,1.00
2014.08.18 13:23:38.944,1.09847,1.09869,1.00,1.00
2014.08.18 13:23:39.871,1.09846,1.09869,1.00,1.00
2014.08.18 13:23:39.972,1.09845,1.09867,1.00,1.00
2014.08.18 13:23:40.327,1.09844,1.09865,1.00,1.00
2014.08.18 13:23:40.530,1.09844,1.09867,1.00,1.00
2014.08.18 13:23:41.047,1.09844,1.09866,1.00,1.10
2014.08.18 13:23:41.603,1.09851,1.09867,1.00,1.00
2014.08.18 13:23:41.704,1.09851,1.09869,1.00,1.00
2014.08.18 13:23:42.810,1.09847,1.09869,1.00,1.00
2014.08.18 13:23:43.265,1.09844,1.09869,1.00,1.00
2014.08.18 13:23:43.367,1.09846,1.09869,1.38,1.00
2014.08.18 13:23:43.675,1.0985,1.0987,1.00,1.00
2014.08.18 13:23:43.827,1.09847,1.0987,1.38,1.00
2014.08.18 13:23:44.340,1.09847,1.0987,1.00,1.00
2014.08.18 13:23:44.694,1.09844,1.09869,2.03,1.00
2014.08.18 13:23:49.308,1.09855,1.09869,1.00,1.00
2014.08.18 13:23:49.410,1.09854,1.09871,1.00,1.00
2014.08.18 13:23:49.512,1.09854,1.09873,1.00,1.00
2014.08.18 13:23:49.664,1.0985,1.09871,1.00,1.00
2014.08.18 13:23:49.765,1.09846,1.09869,2.03,1.00
2014.08.18 13:23:49.968,1.09846,1.09869,1.88,1.00
2014.08.18 13:23:54.417,1.09846,1.09869,1.95,1.00
2014.08.18 13:23:54.721,1.09851,1.09872,1.00,1.00
2014.08.18 13:23:55.131,1.0985,1.09869,1.13,1.00
2014.08.18 13:23:55.333,1.09847,1.09869,1.50,1.00
2014.08.18 13:23:55.843,1.09846,1.09869,1.00,1.00
2014.08.18 13:23:58.276,1.09846,1.09869,1.08,1.00
2014.08.18 13:23:58.477,1.09851,1.09872,1.00,1.00
2014.08.18 13:23:58.579,1.09851,1.09869,1.00,1.00
2014.08.18 13:23:58.680,1.09849,1.0987,1.28,1.00
2014.08.18 13:23:59.085,1.09851,1.0987,1.00,1.00
2014.08.18 13:23:59.440,1.09852,1.09872,1.00,1.00
2014.08.18 13:23:59.844,1.09854,1.09871,1.00,1.00
2014.08.18 13:23:59.895,1.09854,1.09874,1.00,1.00
2014.08.18 13:23:59.997,1.09851,1.0987,2.03,1.00
2014.08.18 13:24:00.453,1.09855,1.0987,1.00,1.00
2014.08.18 13:24:00.864,1.09853,1.09874,1.50,1.00
2014.08.18 13:24:03.973,1.09851,1.09874,1.53,1.00
2014.08.18 13:24:04.074,1.09849,1.09874,1.65,1.00
2014.08.18 13:24:04.175,1.09848,1.09871,1.20,1.00
2014.08.18 13:24:04.601,1.09847,1.0987,1.00,1.00
2014.08.18 13:24:06.703,1.09847,1.0987,1.15,1.00
2014.08.18 13:24:07.007,1.0985,1.09874,1.18,1.00
2014.08.18 13:24:07.215,1.09853,1.09874,1.00,1.00
2014.08.18 13:24:07.542,1.09855,1.09874,1.00,1.00
2014.08.18 13:24:07.592,1.09853,1.09874,1.00,1.00
2014.08.18 13:24:08.915,1.09853,1.09871,1.00,1.00
2014.08.18 13:24:09.067,1.09848,1.09871,1.55,1.00
2014.08.18 13:24:09.232,1.09848,1.09871,1.18,1.00
2014.08.18 13:24:09.741,1.09846,1.0987,1.65,1.00
2014.08.18 13:24:19.343,1.09844,1.09866,1.10,1.00
2014.08.18 13:24:19.546,1.09842,1.09864,1.00,1.00
2014.08.18 13:24:20.052,1.09841,1.09864,1.00,1.00
2014.08.18 13:24:21.103,1.09839,1.09862,1.13,1.00
2014.08.18 13:24:23.813,1.09845,1.09862,1.00,1.00
2014.08.18 13:24:23.966,1.09846,1.09866,1.13,1.00
2014.08.18 13:24:24.509,1.09846,1.09868,1.13,1.00
2014.08.18 13:24:25.185,1.09845,1.09867,1.58,1.00
2014.08.18 13:24:25.497,1.09841,1.09864,1.00,1.00
2014.08.18 13:24:25.599,1.09843,1.09864,1.00,1.00
2014.08.18 13:24:25.902,1.09842,1.09862,1.00,1.00
2014.08.18 13:24:28.885,1.09841,1.09862,1.00,1.00
2014.08.18 13:24:30.695,1.09844,1.09862,1.00,1.00
2014.08.18 13:24:36.965,1.09844,1.09866,1.00,1.00
2014.08.18 13:24:37.471,1.09843,1.09866,1.00,1.00
2014.08.18 13:24:37.981,1.09844,1.09866,1.00,1.00
2014.08.18 13:24:49.612,1.09843,1.09866,1.00,1.00
2014.08.18 13:24:53.010,1.09844,1.09869,1.00,1.10
2014.08.18 13:24:55.309,1.09841,1.09864,1.00,1.00
2014.08.18 13:24:55.411,1.09839,1.09864,2.70,1.00
2014.08.18 13:24:59.470,1.09839,1.09862,1.13,1.00
2014.08.18 13:25:02.821,1.09841,1.09862,1.00,1.00
2014.08.18 13:25:02.923,1.09841,1.09865,1.50,1.00
2014.08.18 13:25:03.453,1.09841,1.09865,1.88,1.00
2014.08.18 13:25:03.555,1.09844,1.09867,1.00,1.00
2014.08.18 13:25:06.098,1.09845,1.09867,1.00,1.00
2014.08.18 13:25:06.250,1.09845,1.09869,1.00,1.00
2014.08.18 13:25:06.756,1.09846,1.09869,1.00,1.00
2014.08.18 13:25:07.122,1.09848,1.09871,1.00,1.00
2014.08.18 13:25:07.831,1.09855,1.09871,1.00,1.00
2014.08.18 13:25:07.882,1.09855,1.09874,1.00,1.00
2014.08.18 13:25:08.136,1.09854,1.09877,2.63,1.00
2014.08.18 13:25:08.439,1.09855,1.09874,2.03,1.00
2014.08.18 13:25:08.945,1.09854,1.09874,1.88,1.00
2014.08.18 13:25:08.995,1.09854,1.09876,1.88,1.00
2014.08.18 13:25:09.147,1.09855,1.09876,1.00,1.00
2014.08.18 13:25:11.733,1.09849,1.0987,2.03,1.38
2014.08.18 13:25:11.783,1.09847,1.0987,1.20,1.75
2014.08.18 13:25:11.885,1.09847,1.0987,1.05,1.75
2014.08.18 13:25:12.037,1.09844,1.09869,1.68,1.00
2014.08.18 13:25:12.088,1.09843,1.09866,1.50,1.00
2014.08.18 13:25:12.189,1.09846,1.09869,1.30,1.00
2014.08.18 13:25:13.564,1.09846,1.09869,1.00,1.00
2014.08.18 13:25:22.975,1.09844,1.09867,1.00,1.00
2014.08.18 13:25:23.885,1.0985,1.09867,1.00,1.00
2014.08.18 13:25:23.936,1.09851,1.09873,1.00,1.50
2014.08.18 13:25:24.139,1.09849,1.09871,1.20,1.00
2014.08.18 13:25:24.442,1.09843,1.09864,1.10,1.00
2014.08.18 13:25:24.695,1.09841,1.09865,1.50,1.00
2014.08.18 13:25:24.746,1.09843,1.09866,1.00,1.00
2014.08.18 13:25:25.050,1.09847,1.09867,1.00,1.00
2014.08.18 13:25:25.556,1.09844,1.09867,1.13,1.00
2014.08.18 13:25:26.555,1.09844,1.09867,1.20,1.00
2014.08.18 13:25:26.809,1.09852,1.09875,1.20,1.00
2014.08.18 13:25:26.961,1.0985,1.09875,1.65,1.00
2014.08.18 13:25:27.113,1.0985,1.09875,1.00,1.50
2014.08.18 13:25:27.164,1.09847,1.09869,1.53,1.00
2014.08.18 13:25:28.870,1.09852,1.09869,1.00,1.00
2014.08.18 13:25:28.920,1.09852,1.09874,1.45,1.00
2014.08.18 13:25:28.971,1.09856,1.09874,1.00,1.00
2014.08.18 13:25:29.073,1.09852,1.09874,1.55,1.00
2014.08.18 13:25:29.174,1.09853,1.09874,2.03,1.00
2014.08.18 13:25:30.007,1.09849,1.09872,1.95,1.00
2014.08.18 13:25:30.058,1.09849,1.09872,1.88,1.00
2014.08.18 13:25:30.577,1.09847,1.09871,1.55,1.00
2014.08.18 13:25:30.984,1.09844,1.09869,3.53,1.00
2014.08.18 13:25:31.085,1.09844,1.09869,1.50,1.00
2014.08.18 13:25:31.339,1.09842,1.09864,1.10,1.00
2014.08.18 13:25:33.798,1.0985,1.09864,1.00,1.00
2014.08.18 13:25:33.950,1.0985,1.09868,1.00,1.00
2014.08.18 13:25:34.153,1.09847,1.09868,1.00,1.00
2014.08.18 13:25:34.930,1.09842,1.09867,2.78,1.00
2014.08.18 13:25:34.981,1.09842,1.09867,2.25,1.00
2014.08.18 13:25:35.082,1.09842,1.09864,1.50,1.00
2014.08.18 13:25:39.834,1.09841,1.09864,1.10,1.00
2014.08.18 13:25:41.930,1.09842,1.09864,1.00,1.00
2014.08.18 13:25:42.234,1.09844,1.09864,1.00,1.00
2014.08.18 13:25:43.355,1.09842,1.09864,1.00,1.00
2014.08.18 13:25:43.608,1.09844,1.09864,1.00,1.00
2014.08.18 13:25:45.884,1.09842,1.09864,1.00,1.00
2014.08.18 13:25:46.391,1.09843,1.09864,1.38,1.00
2014.08.18 13:25:46.492,1.09843,1.09867,1.88,1.00
2014.08.18 13:25:46.695,1.09849,1.09867,1.00,1.00
2014.08.18 13:25:46.898,1.09847,1.09867,1.00,1.00
2014.08.18 13:25:47.441,1.09843,1.09867,1.53,1.00
2014.08.18 13:25:50.298,1.09846,1.09867,1.00,1.00
2014.08.18 13:25:51.628,1.09844,1.09867,2.03,1.00
2014.08.18 13:26:06.688,1.09844,1.09867,1.53,1.00
2014.08.18 13:26:15.571,1.09851,1.09867,1.00,1.00
2014.08.18 13:26:15.672,1.0985,1.09871,1.13,1.05
2014.08.18 13:26:15.724,1.09852,1.09871,1.00,1.00
2014.08.18 13:26:16.228,1.09848,1.09871,2.40,1.00
2014.08.18 13:26:24.178,1.09848,1.09871,1.53,1.00
2014.08.18 13:26:25.820,1.09847,1.09871,1.48,1.00
2014.08.18 13:26:26.074,1.09853,1.09871,1.00,1.00
2014.08.18 13:26:26.378,1.09858,1.09873,1.00,1.00
2014.08.18 13:26:28.995,1.09855,1.09873,1.65,1.00
2014.08.18 13:26:30.262,1.09862,1.09873,1.00,1.00
2014.08.18 13:26:34.356,1.09862,1.09876,1.00,1.00
2014.08.18 13:26:37.363,1.09859,1.09876,1.00,1.00
2014.08.18 13:26:38.179,1.09862,1.09876,1.00,1.00
2014.08.18 13:26:38.832,1.09863,1.09876,1.00,1.00
2014.08.18 13:26:47.432,1.09863,1.09879,1.00,1.00
2014.08.18 13:26:49.199,1.09863,1.09881,1.00,1.00
2014.08.18 13:26:49.793,1.09866,1.09881,1.00,1.00
2014.08.18 13:26:50.148,1.0986,1.09881,1.00,1.00
2014.08.18 13:26:50.199,1.0986,1.09879,1.00,1.00
2014.08.18 13:26:50.300,1.0986,1.09882,1.00,1.00
2014.08.18 13:26:50.452,1.09862,1.09883,1.00,1.00
2014.08.18 13:26:50.957,1.09862,1.09885,1.50,1.00
2014.08.18 13:26:51.160,1.09864,1.09885,1.00,1.00
2014.08.18 13:26:52.322,1.09863,1.09885,1.00,1.00
2014.08.18 13:26:52.993,1.09864,1.09885,1.00,1.00
2014.08.18 13:26:55.035,1.09864,1.09883,1.00,1.00
2014.08.18 13:26:55.187,1.09862,1.09883,1.00,1.00
2014.08.18 13:27:05.667,1.0986,1.09883,2.03,1.00
2014.08.18 13:27:31.826,1.09861,1.09883,1.00,1.00
2014.08.18 13:27:32.800,1.0986,1.09883,1.50,1.00
2014.08.18 13:27:33.351,1.09861,1.09883,1.00,1.00
2014.08.18 13:27:42.843,1.0986,1.09883,2.25,1.00
2014.08.18 13:27:42.944,1.09865,1.09882,1.00,1.00
2014.08.18 13:27:43.096,1.09865,1.09885,1.00,1.00
2014.08.18 13:27:43.147,1.09867,1.09885,1.00,1.00
2014.08.18 13:27:43.400,1.09864,1.09883,1.00,1.00
2014.08.18 13:27:43.452,1.09864,1.09881,1.00,1.00
2014.08.18 13:27:43.806,1.09862,1.09881,1.00,1.00
2014.08.18 13:27:44.615,1.09859,1.09881,1.00,1.00
2014.08.18 13:27:45.121,1.09862,1.09881,1.00,1.00
2014.08.18 13:27:47.101,1.09858,1.09881,1.50,1.00
2014.08.18 13:27:51.695,1.09858,1.0988,1.00,1.00
2014.08.18 13:27:52.415,1.0986,1.0988,1.00,1.00
2014.08.18 13:27:53.392,1.09858,1.0988,1.00,1.00
2014.08.18 13:27:54.362,1.09859,1.0988,1.00,1.00
2014.08.18 13:27:55.024,1.09858,1.0988,1.00,1.00
2014.08.18 13:28:00.300,1.09859,1.0988,1.00,1.00
2014.08.18 13:28:00.881,1.09859,1.09879,1.00,1.00
2014.08.18 13:28:02.401,1.0986,1.09879,1.00,1.00
2014.08.18 13:28:06.575,1.09861,1.09879,1.00,1.00
2014.08.18 13:28:07.133,1.0986,1.09879,1.00,1.00
2014.08.18 13:28:07.931,1.09858,1.09879,1.00,1.00
2014.08.18 13:28:10.535,1.0986,1.09879,1.00,1.00
2014.08.18 13:28:14.951,1.09858,1.09879,1.00,1.00
2014.08.18 13:28:15.469,1.09859,1.09879,1.00,1.00
2014.08.18 13:28:18.362,1.0986,1.09879,1.00,1.00
2014.08.18 13:28:18.902,1.09859,1.09879,1.00,1.00
2014.08.18 13:28:20.100,1.09858,1.09879,1.00,1.00
2014.08.18 13:28:21.349,1.09859,1.09879,1.00,1.00
2014.08.18 13:28:21.400,1.09859,1.09876,1.00,1.00
2014.08.18 13:28:23.879,1.09858,1.09876,1.00,1.00
2014.08.18 13:28:30.109,1.0986,1.09876,1.00,1.00
2014.08.18 13:28:30.645,1.09859,1.09876,1.00,1.00
2014.08.18 13:28:39.142,1.0986,1.09876,1.00,1.00
2014.08.18 13:28:41.139,1.09862,1.09876,1.00,1.00
2014.08.18 13:28:41.329,1.09859,1.09876,1.00,1.00
2014.08.18 13:28:43.093,1.09864,1.09876,1.00,1.00
2014.08.18 13:28:43.144,1.09864,1.09879,1.00,1.00
2014.08.18 13:28:43.671,1.09859,1.0988,1.00,1.00
2014.08.18 13:28:44.246,1.09858,1.09879,1.00,1.00
2014.08.18 13:28:44.652,1.09861,1.09879,1.00,1.00
2014.08.18 13:28:44.956,1.09863,1.09879,1.00,1.00
2014.08.18 13:28:45.261,1.09865,1.09879,1.00,1.00
2014.08.18 13:28:45.711,1.09865,1.09881,1.00,1.00
2014.08.18 13:28:46.237,1.09866,1.09882,1.00,1.00
2014.08.18 13:28:46.847,1.09873,1.09882,1.00,1.00
2014.08.18 13:28:46.898,1.09873,1.09887,1.00,1.00
2014.08.18 13:28:47.202,1.09866,1.09887,1.00,1.00
2014.08.18 13:28:48.809,1.09867,1.09887,1.00,1.00
2014.08.18 13:28:50.788,1.09868,1.09887,1.00,1.00
2014.08.18 13:28:51.433,1.09867,1.09887,1.00,1.00
2014.08.18 13:28:52.151,1.09866,1.09887,1.00,1.00
2014.08.18 13:29:00.799,1.0987,1.09887,1.00,1.00
2014.08.18 13:29:02.297,1.0987,1.09888,1.00,1.00
2014.08.18 13:29:20.845,1.09874,1.09888,1.00,1.00
2014.08.18 13:29:20.997,1.09874,1.09891,1.00,1.00
2014.08.18 13:29:21.048,1.09876,1.09891,1.00,1.00
2014.08.18 13:29:21.850,1.09881,1.09891,1.00,1.00
2014.08.18 13:29:22.003,1.09881,1.09897,1.00,1.00
2014.08.18 13:29:22.054,1.09875,1.09897,2.32,1.00
2014.08.18 13:29:22.206,1.09875,1.09894,1.10,1.00
2014.08.18 13:29:22.711,1.09875,1.09893,1.00,1.00
2014.08.18 13:29:31.122,1.09875,1.09895,1.00,1.00
2014.08.18 13:29:31.630,1.09874,1.09895,1.00,1.00
2014.08.18 13:29:41.538,1.09873,1.09895,1.00,1.00
2014.08.18 13:29:44.164,1.09874,1.09895,1.00,1.00
2014.08.18 13:29:44.908,1.0987,1.09895,2.78,1.00
2014.08.18 13:29:46.166,1.09873,1.09896,1.00,1.00
2014.08.18 13:29:46.267,1.09879,1.09896,1.00,1.00
2014.08.18 13:29:46.318,1.09879,1.09898,1.00,1.00
2014.08.18 13:29:46.521,1.0988,1.09903,1.00,1.00
2014.08.18 13:29:46.929,1.09878,1.09903,1.00,1.00
2014.08.18 13:29:46.980,1.09877,1.099,1.00,1.00
2014.08.18 13:29:47.082,1.09875,1.099,1.50,1.00
2014.08.18 13:29:47.501,1.09874,1.09898,1.00,1.00
2014.08.18 13:29:48.496,1.09874,1.09896,1.00,1.00
2014.08.18 13:29:50.279,1.09882,1.09896,1.00,1.00
2014.08.18 13:29:50.381,1.0988,1.09901,1.00,1.00
2014.08.18 13:29:50.901,1.09881,1.09901,1.00,1.00
2014.08.18 13:29:51.620,1.0988,1.09901,1.00,1.00
2014.08.18 13:29:52.061,1.09878,1.09901,1.00,1.00
2014.08.18 13:29:52.263,1.09875,1.099,1.00,1.00
2014.08.18 13:29:52.469,1.09874,1.09897,1.50,1.00
2014.08.18 13:29:52.793,1.09873,1.09895,2.25,1.00
2014.08.18 13:29:54.526,1.09875,1.09895,1.00,1.00
2014.08.18 13:29:54.863,1.09877,1.09898,1.00,1.00
2014.08.18 13:29:57.118,1.09876,1.09898,1.00,1.00
2014.08.18 13:29:57.546,1.09881,1.09898,1.00,1.00
2014.08.18 13:29:57.749,1.09882,1.09903,1.00,1.00
2014.08.18 13:29:58.288,1.09883,1.09903,1.00,1.00
2014.08.18 13:29:58.928,1.09877,1.09901,1.00,1.00
2014.08.18 13:29:59.811,1.09877,1.09899,1.00,1.00
2014.08.18 13:30:00.317,1.09876,1.09899,1.00,1.00
2014.08.18 13:30:00.851,1.09875,1.09899,1.00,1.00
2014.08.18 13:30:05.965,1.09877,1.09899,1.00,1.00
2014.08.18 13:30:07.371,1.09878,1.09899,1.00,1.00
2014.08.18 13:30:07.675,1.0988,1.09899,1.00,1.00
2014.08.18 13:30:08.596,1.09878,1.09899,1.00,1.00
2014.08.18 13:30:09.126,1.09875,1.09899,2.03,1.00
2014.08.18 13:30:09.278,1.09873,1.09896,1.13,1.00
2014.08.18 13:30:09.582,1.09871,1.09895,1.00,1.00
2014.08.18 13:30:10.090,1.09872,1.09895,1.00,1.00
2014.08.18 13:30:10.704,1.09872,1.09893,1.00,1.00
2014.08.18 13:30:21.153,1.09869,1.09893,1.00,1.00
2014.08.18 13:30:22.571,1.09868,1.09893,1.00,1.00
2014.08.18 13:30:22.824,1.09866,1.09889,1.88,1.00
2014.08.18 13:30:23.178,1.09864,1.09887,1.08,1.00
2014.08.18 13:30:23.482,1.09861,1.09886,2.48,1.00
2014.08.18 13:30:24.031,1.09861,1.09886,1.88,1.00
2014.08.18 13:30:25.128,1.0986,1.09884,1.00,1.00
2014.08.18 13:30:25.634,1.09859,1.09884,2.33,1.00
2014.08.18 13:30:26.428,1.09864,1.09884,1.00,1.00
2014.08.18 13:30:30.233,1.09863,1.09884,1.00,1.00
2014.08.18 13:30:32.354,1.09865,1.09884,1.00,1.00
2014.08.18 13:30:32.872,1.09863,1.09884,1.00,1.00
2014.08.18 13:30:39.319,1.09865,1.09884,1.00,1.00
2014.08.18 13:30:41.081,1.09869,1.09884,1.00,1.00
2014.08.18 13:30:41.182,1.0987,1.09887,1.00,1.00
2014.08.18 13:30:41.435,1.09871,1.09889,1.00,1.00
2014.08.18 13:30:42.390,1.09872,1.09889,1.00,1.00
2014.08.18 13:30:43.145,1.09871,1.09889,1.00,1.00
2014.08.18 13:30:45.450,1.09868,1.09889,1.00,1.00
2014.08.18 13:30:46.322,1.0987,1.09889,1.00,1.00
2014.08.18 13:30:46.665,1.09868,1.09889,1.00,1.00
2014.08.18 13:30:48.869,1.09866,1.09889,1.50,1.00
2014.08.18 13:30:49.021,1.09866,1.09887,1.00,1.00
2014.08.18 13:30:49.530,1.09867,1.09887,1.00,1.00
2014.08.18 13:30:51.729,1.09867,1.09889,1.00,1.00
2014.08.18 13:30:52.824,1.09868,1.09889,1.00,1.00
2014.08.18 13:30:53.413,1.09867,1.09889,1.00,1.00
2014.08.18 13:30:57.434,1.09867,1.0989,1.00,1.00
2014.08.18 13:30:59.637,1.09868,1.0989,1.00,1.00
2014.08.18 13:31:00.857,1.09867,1.0989,1.00,1.00
2014.08.18 13:31:01.420,1.09867,1.09888,1.00,1.00
2014.08.18 13:31:04.075,1.09864,1.09888,1.00,1.00
2014.08.18 13:31:04.177,1.09864,1.09886,1.00,1.00
2014.08.18 13:31:04.939,1.09864,1.09888,1.50,1.00
2014.08.18 13:31:05.937,1.09869,1.09888,1.00,1.00
2014.08.18 13:31:05.988,1.09869,1.09894,1.00,1.08
2014.08.18 13:31:06.038,1.09867,1.0989,1.00,1.00
2014.08.18 13:31:06.342,1.09869,1.0989,1.00,1.00
2014.08.18 13:31:06.494,1.09867,1.0989,1.00,1.00
2014.08.18 13:31:07.670,1.09867,1.0989,1.65,1.00
2014.08.18 13:31:07.721,1.09868,1.09893,1.18,1.00
2014.08.18 13:31:08.227,1.09869,1.09894,1.10,1.00
2014.08.18 13:31:12.305,1.09869,1.09893,1.10,1.00
2014.08.18 13:31:12.895,1.09869,1.09894,1.10,1.50
2014.08.18 13:31:19.632,1.0987,1.09894,1.00,1.00
2014.08.18 13:31:19.683,1.09873,1.09896,1.00,1.10
2014.08.18 13:31:20.188,1.09874,1.09897,1.00,1.00
2014.08.18 13:31:55.851,1.09874,1.09896,1.50,1.00
2014.08.18 13:32:00.148,1.09874,1.09897,1.00,1.00
2014.08.18 13:32:13.160,1.09877,1.099,1.00,1.00
2014.08.18 13:32:32.381,1.09882,1.09904,1.00,1.10
2014.08.18 13:32:32.891,1.09881,1.09904,1.00,1.00
2014.08.18 13:32:33.296,1.09876,1.09901,1.50,1.00
2014.08.18 13:32:38.582,1.09878,1.09901,1.00,1.00
2014.08.18 13:32:38.683,1.0988,1.09905,1.50,1.50
2014.08.18 13:32:39.291,1.09883,1.09905,1.00,1.00
2014.08.18 13:32:39.885,1.0988,1.09905,1.00,1.00
2014.08.18 13:32:40.443,1.0988,1.09904,1.00,1.00
2014.08.18 13:32:41.610,1.09882,1.09905,1.00,1.00
2014.08.18 13:32:46.542,1.09882,1.09905,1.38,1.00
2014.08.18 13:32:46.795,1.09885,1.09908,2.25,1.00
2014.08.18 13:32:47.300,1.09886,1.09908,1.00,1.00
2014.08.18 13:32:47.803,1.09887,1.09908,1.00,1.00
2014.08.18 13:32:48.335,1.09885,1.09908,1.00,1.00
2014.08.18 13:32:48.992,1.09885,1.09905,1.00,1.00
2014.08.18 13:32:49.094,1.09885,1.09907,1.00,1.00
2014.08.18 13:32:49.448,1.09885,1.09905,1.00,1.00
2014.08.18 13:32:50.072,1.09885,1.09908,1.00,1.50
2014.08.18 13:32:56.930,1.09885,1.09907,1.00,1.00
2014.08.18 13:32:57.437,1.09885,1.09908,1.00,1.00
2014.08.18 13:32:57.944,1.09885,1.09907,1.00,1.00
2014.08.18 13:32:57.996,1.09885,1.09907,1.00,1.08
2014.08.18 13:32:58.046,1.09882,1.09903,1.00,1.00
2014.08.18 13:32:58.148,1.0988,1.09903,1.00,1.00
2014.08.18 13:32:58.351,1.09877,1.099,1.00,1.00
2014.08.18 13:33:01.309,1.09881,1.099,1.00,1.00
2014.08.18 13:33:01.460,1.09881,1.09902,1.00,1.00
2014.08.18 13:33:01.996,1.0988,1.09903,1.00,1.00
2014.08.18 13:33:05.370,1.09882,1.09903,1.00,1.50
2014.08.18 13:33:05.776,1.0988,1.09903,1.10,1.00
2014.08.18 13:33:35.766,1.09877,1.099,1.20,1.00
2014.08.18 13:33:36.285,1.09877,1.099,1.28,1.00
2014.08.18 13:33:36.437,1.09881,1.09904,2.70,1.00
2014.08.18 13:33:36.690,1.09884,1.09904,1.00,1.00
2014.08.18 13:33:42.236,1.09882,1.09904,1.10,1.00
2014.08.18 13:34:02.150,1.09881,1.09904,1.10,1.00
2014.08.18 13:34:02.353,1.09881,1.09902,1.00,1.00
2014.08.18 13:34:02.607,1.09877,1.099,1.50,1.00
2014.08.18 13:34:02.911,1.09877,1.09898,1.00,1.00
2014.08.18 13:34:02.962,1.09873,1.09898,1.50,1.00
2014.08.18 13:34:03.113,1.09873,1.09895,1.00,1.00
2014.08.18 13:34:03.366,1.09873,1.09898,1.00,1.10
2014.08.18 13:34:05.827,1.09878,1.09898,1.00,1.10
2014.08.18 13:34:06.080,1.09877,1.099,2.33,1.00
2014.08.18 13:34:06.131,1.09879,1.09902,1.00,1.00
2014.08.18 13:34:06.233,1.09877,1.09901,1.10,1.00
2014.08.18 13:34:06.757,1.09876,1.09901,1.00,1.65
2014.08.18 13:34:08.089,1.09873,1.09898,1.00,1.00
2014.08.18 13:34:08.872,1.09874,1.09898,1.00,1.00
2014.08.18 13:34:08.974,1.09877,1.09902,1.00,1.50
2014.08.18 13:34:18.874,1.09878,1.09902,1.00,1.50
2014.08.18 13:34:19.380,1.09879,1.09902,1.00,1.00
2014.08.18 13:34:22.898,1.09878,1.09902,1.50,1.00
2014.08.18 13:34:30.115,1.0988,1.09902,1.50,1.00
2014.08.18 13:34:30.418,1.09881,1.09904,1.00,1.00
2014.08.18 13:34:32.184,1.09884,1.09906,1.00,1.00
2014.08.18 13:34:32.337,1.09881,1.09904,1.00,1.00
2014.08.18 13:34:32.388,1.09881,1.09902,1.00,1.00
2014.08.18 13:34:32.540,1.09878,1.099,1.00,1.00
2014.08.18 13:34:33.046,1.09877,1.099,1.00,1.50
2014.08.18 13:34:49.095,1.09877,1.09898,1.00,1.00
2014.08.18 13:34:51.399,1.09878,1.09898,1.00,1.00
2014.08.18 13:34:51.653,1.09877,1.099,1.00,1.00
2014.08.18 13:34:51.754,1.09881,1.09902,1.00,1.00
2014.08.18 13:34:52.059,1.09881,1.09898,1.00,1.00
2014.08.18 13:34:52.110,1.09877,1.09898,1.00,1.00
2014.08.18 13:34:52.633,1.09877,1.09899,1.00,1.00
2014.08.18 13:34:53.165,1.09877,1.099,1.00,1.00
2014.08.18 13:34:55.808,1.09877,1.09899,1.00,1.00
2014.08.18 13:34:56.570,1.09877,1.09896,1.00,1.00
2014.08.18 13:34:56.874,1.09876,1.09895,1.00,1.15
2014.08.18 13:34:57.027,1.0987,1.09889,2.25,1.00
2014.08.18 13:34:57.179,1.09873,1.09892,1.00,1.00
2014.08.18 13:34:57.923,1.09873,1.09894,1.00,1.00
2014.08.18 13:34:58.126,1.09873,1.09896,1.00,1.00
2014.08.18 13:34:58.703,1.09873,1.09896,1.88,1.00
2014.08.18 13:34:58.805,1.09874,1.09899,1.38,1.50
2014.08.18 13:34:59.312,1.09874,1.09898,1.00,1.00
2014.08.18 13:34:59.818,1.09874,1.09899,1.00,1.00
2014.08.18 13:35:15.394,1.09874,1.09899,1.38,1.00
2014.08.18 13:35:32.427,1.09874,1.09899,1.88,1.00
2014.08.18 13:35:51.634,1.09875,1.09895,1.00,1.00
2014.08.18 13:35:51.787,1.09873,1.09895,1.50,1.00
2014.08.18 13:35:51.940,1.09875,1.09897,1.00,1.00
2014.08.18 13:35:52.447,1.09874,1.09897,1.00,1.00
2014.08.18 13:35:52.751,1.09873,1.09895,1.00,1.00
2014.08.18 13:35:53.558,1.09872,1.09895,1.00,1.00
2014.08.18 13:35:54.546,1.0987,1.09895,2.63,1.00
2014.08.18 13:35:56.085,1.09876,1.09895,1.00,1.00
2014.08.18 13:35:57.076,1.09874,1.09895,1.00,1.00
2014.08.18 13:35:57.177,1.09872,1.09895,1.00,1.00
2014.08.18 13:36:01.620,1.09873,1.09895,1.00,1.00
2014.08.18 13:36:02.550,1.09874,1.09895,1.50,1.00
2014.08.18 13:36:02.602,1.09874,1.09897,2.25,1.00
2014.08.18 13:36:02.704,1.09878,1.09897,1.00,1.00
2014.08.18 13:36:02.906,1.09876,1.09897,1.00,1.00
2014.08.18 13:36:03.160,1.09874,1.09897,1.50,1.00
2014.08.18 13:36:03.674,1.09875,1.09897,1.13,1.00
2014.08.18 13:36:06.040,1.09877,1.09897,1.00,1.00
2014.08.18 13:36:06.360,1.09877,1.09902,1.15,1.00
2014.08.18 13:36:06.411,1.09877,1.09902,1.15,1.00
2014.08.18 13:36:06.806,1.09877,1.09902,1.18,1.00
2014.08.18 13:36:08.991,1.09875,1.09898,1.15,1.00
2014.08.18 13:36:13.355,1.09884,1.09898,1.00,1.00
2014.08.18 13:36:13.507,1.09884,1.09904,1.08,1.00
2014.08.18 13:36:13.912,1.09882,1.09904,2.40,1.00
2014.08.18 13:36:14.438,1.09882,1.09904,1.00,1.00
2014.08.18 13:36:15.463,1.09881,1.09904,1.00,1.00
2014.08.18 13:36:16.894,1.09877,1.099,1.50,1.00
2014.08.18 13:36:17.248,1.09875,1.09896,1.00,1.00
2014.08.18 13:36:17.501,1.09876,1.099,1.00,1.00
2014.08.18 13:36:18.224,1.09875,1.099,1.00,1.00
2014.08.18 13:36:18.881,1.09876,1.099,1.18,1.00
2014.08.18 13:36:19.188,1.0988,1.09903,1.15,1.00
2014.08.18 13:36:20.574,1.09882,1.09903,1.65,1.00
2014.08.18 13:36:29.134,1.09881,1.09903,2.03,1.00
2014.08.18 13:36:29.442,1.0988,1.09903,1.00,1.00
2014.08.18 13:36:29.544,1.09877,1.099,1.00,1.00
2014.08.18 13:36:37.607,1.09876,1.09897,1.00,1.00
2014.08.18 13:36:37.658,1.09873,1.09897,1.10,1.00
2014.08.18 13:36:37.908,1.09875,1.09897,1.00,1.00
2014.08.18 13:36:38.213,1.09872,1.09897,2.40,1.00
2014.08.18 13:36:45.418,1.09878,1.09897,1.00,1.00
2014.08.18 13:36:45.520,1.09878,1.09901,1.00,1.50
2014.08.18 13:36:45.570,1.09878,1.09901,1.45,1.50
2014.08.18 13:36:45.621,1.09881,1.09904,1.50,1.50
2014.08.18 13:36:45.723,1.09881,1.09901,1.50,1.00
2014.08.18 13:36:45.774,1.09878,1.09901,2.40,1.00
2014.08.18 13:36:45.926,1.0988,1.09899,1.00,1.00
2014.08.18 13:36:46.128,1.09877,1.099,1.65,1.00
2014.08.18 13:36:46.635,1.09877,1.09899,1.58,1.00
2014.08.18 13:36:47.141,1.09877,1.09898,1.00,1.00
2014.08.18 13:36:47.619,1.09875,1.09898,1.00,1.50
2014.08.18 13:36:50.166,1.09877,1.09898,1.00,1.50
2014.08.18 13:36:50.421,1.09878,1.099,1.00,1.00
2014.08.18 13:36:50.926,1.09878,1.09899,1.00,1.00
2014.08.18 13:36:55.107,1.09878,1.09899,1.38,1.00
2014.08.18 13:36:55.411,1.09879,1.09901,1.20,1.50
2014.08.18 13:36:55.462,1.09882,1.09901,1.00,1.50
2014.08.18 13:36:55.968,1.09882,1.09902,1.00,1.00
2014.08.18 13:37:00.700,1.09883,1.09902,1.00,1.00
2014.08.18 13:37:00.904,1.09883,1.09905,1.10,1.00
2014.08.18 13:37:01.460,1.09881,1.09905,1.28,1.00
2014.08.18 13:37:01.764,1.0988,1.09905,1.00,1.50
2014.08.18 13:37:01.866,1.0988,1.09899,1.00,1.00
2014.08.18 13:37:02.018,1.09877,1.09899,1.00,1.00
2014.08.18 13:37:08.752,1.09877,1.099,1.00,1.00
2014.08.18 13:37:11.374,1.09881,1.099,1.00,1.00
2014.08.18 13:37:11.729,1.09881,1.09904,1.08,1.00
2014.08.18 13:37:16.524,1.09881,1.09904,1.00,2.25
2014.08.18 13:37:16.828,1.09881,1.09902,1.00,1.00
2014.08.18 13:37:16.880,1.09878,1.09901,1.00,1.00
2014.08.18 13:37:20.664,1.09878,1.09899,1.00,1.00
2014.08.18 13:37:21.173,1.09878,1.099,1.00,1.00
2014.08.18 13:37:22.282,1.09878,1.09899,1.00,1.00
2014.08.18 13:37:26.352,1.09878,1.09898,1.00,1.00
2014.08.18 13:37:26.928,1.09878,1.09895,1.00,1.00
2014.08.18 13:37:28.345,1.09878,1.09898,1.00,1.00
2014.08.18 13:37:28.597,1.09878,1.099,1.00,1.00
2014.08.18 13:37:29.116,1.09878,1.09901,1.00,2.25
2014.08.18 13:37:35.980,1.09876,1.09899,1.00,1.00
2014.08.18 13:37:42.129,1.09881,1.09899,1.00,1.00
2014.08.18 13:37:42.181,1.09881,1.09902,1.00,1.50
2014.08.18 13:37:42.663,1.09877,1.09902,1.55,1.50
2014.08.18 13:37:52.933,1.09877,1.09902,1.65,1.00
2014.08.18 13:38:03.123,1.0988,1.09902,1.53,1.00
2014.08.18 13:38:03.173,1.09881,1.09904,1.28,1.00
2014.08.18 13:38:03.679,1.09881,1.09904,1.00,1.00
2014.08.18 13:38:03.932,1.09878,1.09901,1.00,1.00
2014.08.18 13:38:04.448,1.09876,1.09901,1.95,1.00
2014.08.18 13:38:09.399,1.09876,1.09901,1.00,1.50
2014.08.18 13:38:13.733,1.09876,1.09901,1.45,1.50
2014.08.18 13:38:13.886,1.09877,1.099,1.00,1.00
2014.08.18 13:38:20.926,1.09877,1.09899,1.00,1.00
2014.08.18 13:38:21.436,1.09877,1.099,1.00,1.00
2014.08.18 13:38:21.940,1.09877,1.099,1.38,1.00
2014.08.18 13:38:22.451,1.09877,1.099,1.00,1.00
2014.08.18 13:38:24.092,1.09877,1.099,1.55,1.00
2014.08.18 13:38:24.497,1.09877,1.099,1.00,1.00
2014.08.18 13:38:34.927,1.09877,1.099,2.63,1.50
2014.08.18 13:38:35.230,1.09882,1.099,1.00,1.00
2014.08.18 13:38:35.281,1.09882,1.09904,1.00,1.00
2014.08.18 13:38:35.433,1.09882,1.09904,1.18,1.00
2014.08.18 13:38:38.170,1.0988,1.09904,1.65,1.00
2014.08.18 13:38:39.095,1.0988,1.09904,1.45,1.00
2014.08.18 13:38:39.818,1.09879,1.09904,1.58,1.00
2014.08.18 13:38:40.334,1.09879,1.09903,1.00,1.50
2014.08.18 13:38:40.435,1.09877,1.099,1.00,1.00
2014.08.18 13:38:45.395,1.09878,1.099,1.00,1.00
2014.08.18 13:38:45.598,1.0988,1.09903,1.00,1.50
2014.08.18 13:38:45.851,1.09878,1.09901,1.00,1.00
2014.08.18 13:38:46.190,1.0988,1.09903,1.08,1.50
2014.08.18 13:38:46.548,1.0988,1.099,1.00,1.00
2014.08.18 13:38:46.599,1.09876,1.099,2.33,1.00
2014.08.18 13:38:48.894,1.09876,1.09901,1.58,1.50
2014.08.18 13:38:49.441,1.09876,1.099,1.50,1.00
2014.08.18 13:38:55.801,1.09878,1.099,1.50,1.00
2014.08.18 13:38:55.903,1.0988,1.09903,1.10,1.50
2014.08.18 13:38:56.662,1.0988,1.09901,1.00,1.00
2014.08.18 13:38:56.713,1.09877,1.09901,1.20,1.50
2014.08.18 13:38:57.230,1.09876,1.09901,1.00,1.00
2014.08.18 13:38:58.105,1.09876,1.099,1.00,1.00
2014.08.18 13:38:58.620,1.09876,1.09901,1.00,1.00
2014.08.18 13:39:00.855,1.09876,1.099,1.00,1.00
2014.08.18 13:39:01.367,1.09876,1.09901,1.00,1.50
2014.08.18 13:39:04.107,1.09877,1.09901,1.00,1.00
2014.08.18 13:39:04.208,1.0988,1.09903,1.00,1.00
2014.08.18 13:39:04.512,1.0988,1.09903,2.40,1.00
2014.08.18 13:39:04.765,1.0988,1.09903,1.50,1.00
2014.08.18 13:39:04.918,1.0988,1.09903,1.95,1.00
2014.08.18 13:39:08.582,1.0988,1.09903,1.50,1.00
2014.08.18 13:39:09.909,1.0988,1.09903,1.18,1.00
2014.08.18 13:39:15.875,1.0988,1.09903,1.48,1.00
2014.08.18 13:39:16.380,1.0988,1.09903,1.00,1.00
2014.08.18 13:39:22.683,1.09876,1.09899,1.00,1.00
2014.08.18 13:39:28.293,1.0988,1.09903,1.00,1.00
2014.08.18 13:39:28.808,1.0988,1.09903,1.20,1.00
2014.08.18 13:39:33.976,1.0988,1.09903,1.00,1.50
2014.08.18 13:39:34.229,1.09876,1.09901,1.00,1.00
2014.08.18 13:39:34.865,1.09876,1.099,1.00,1.00
2014.08.18 13:39:35.622,1.09876,1.09898,1.00,1.00
2014.08.18 13:39:37.590,1.09876,1.09901,1.00,1.50
2014.08.18 13:40:00.614,1.0988,1.09901,1.00,1.00
2014.08.18 13:40:00.767,1.0988,1.09903,1.50,1.00
2014.08.18 13:40:00.818,1.09882,1.09903,1.00,1.00
2014.08.18 13:40:00.919,1.0988,1.09903,2.63,1.00
2014.08.18 13:40:00.970,1.09881,1.09905,1.00,1.00
2014.08.18 13:40:01.274,1.09884,1.09906,1.00,1.00
2014.08.18 13:40:01.376,1.09881,1.09906,1.00,1.00
2014.08.18 13:40:01.897,1.09882,1.09906,1.00,1.00
2014.08.18 13:40:06.879,1.09884,1.09906,1.00,1.00
2014.08.18 13:40:13.377,1.09882,1.09906,1.00,1.00
2014.08.18 13:40:14.135,1.09883,1.09906,1.00,1.00
2014.08.18 13:40:14.236,1.09888,1.09906,1.00,1.00
2014.08.18 13:40:14.489,1.09888,1.0991,1.00,1.00
2014.08.18 13:40:14.995,1.09887,1.0991,1.00,1.00
2014.08.18 13:40:15.554,1.09888,1.0991,1.00,1.00
2014.08.18 13:40:16.103,1.09887,1.0991,1.00,1.00
2014.08.18 13:40:17.344,1.09887,1.09906,1.00,1.00
2014.08.18 13:40:17.395,1.09885,1.09906,1.00,1.00
2014.08.18 13:40:17.496,1.09883,1.09906,2.63,1.00
2014.08.18 13:40:18.021,1.09884,1.09906,1.00,1.00
2014.08.18 13:40:18.071,1.09886,1.09906,1.00,1.00
2014.08.18 13:40:25.130,1.0989,1.09906,1.00,1.00
2014.08.18 13:40:26.970,1.09886,1.09906,1.50,1.00
2014.08.18 13:40:30.942,1.09884,1.09906,1.65,1.00
2014.08.18 13:40:45.151,1.09888,1.09906,1.00,1.00
2014.08.18 13:40:45.202,1.09888,1.09909,1.18,1.00
2014.08.18 13:40:45.303,1.09886,1.09909,1.58,1.00
2014.08.18 13:40:45.657,1.09886,1.09905,1.10,1.00
2014.08.18 13:40:53.175,1.09884,1.09905,1.13,1.00
2014.08.18 13:40:55.702,1.09884,1.09905,1.95,1.00
2014.08.18 13:40:55.754,1.09887,1.09909,1.00,1.00
2014.08.18 13:40:55.805,1.09889,1.09909,1.38,1.00
2014.08.18 13:40:56.785,1.09891,1.09909,1.50,1.00
2014.08.18 13:40:56.886,1.09889,1.09909,1.00,1.00
2014.08.18 13:40:57.392,1.09887,1.09909,2.33,1.00
2014.08.18 13:41:02.983,1.09887,1.09906,1.00,1.00
2014.08.18 13:41:03.034,1.09884,1.09906,1.95,1.00
2014.08.18 13:41:03.853,1.09884,1.09905,1.20,1.00
2014.08.18 13:41:04.415,1.09884,1.09906,1.13,1.50
2014.08.18 13:41:28.281,1.09883,1.09906,1.00,1.00
2014.08.18 13:41:28.332,1.09889,1.09906,1.00,1.00
2014.08.18 13:41:28.534,1.09891,1.09909,1.00,1.00
2014.08.18 13:41:28.889,1.09889,1.09909,1.00,1.00
2014.08.18 13:41:29.293,1.09886,1.09909,1.50,1.00
2014.08.18 13:41:30.275,1.09884,1.09906,1.38,1.00
2014.08.18 13:41:41.314,1.09884,1.09906,1.00,1.00
2014.08.18 13:41:42.598,1.09883,1.09906,1.58,1.00
2014.08.18 13:41:53.069,1.09883,1.09906,1.95,1.00
2014.08.18 13:41:53.547,1.09883,1.09903,1.48,1.00
2014.08.18 13:41:53.598,1.09883,1.09903,1.00,1.00
2014.08.18 13:41:53.750,1.09878,1.09903,1.00,1.58
2014.08.18 13:41:56.199,1.09878,1.09903,1.13,1.00
2014.08.18 13:41:56.250,1.09876,1.09899,1.88,1.00
2014.08.18 13:41:56.964,1.09876,1.09899,1.00,1.00
2014.08.18 13:41:57.065,1.09876,1.09899,1.38,1.00
2014.08.18 13:41:57.382,1.09876,1.09899,1.00,1.00
2014.08.18 13:42:02.721,1.09877,1.09899,1.00,1.00
2014.08.18 13:42:02.873,1.09878,1.09903,1.50,1.50
2014.08.18 13:42:03.743,1.09878,1.09903,1.58,1.00
2014.08.18 13:42:04.249,1.0988,1.09903,1.00,1.00
2014.08.18 13:42:04.775,1.09882,1.09903,1.00,1.00
2014.08.18 13:42:05.181,1.0988,1.09903,1.00,1.00
2014.08.18 13:42:06.465,1.09885,1.09903,1.00,1.00
2014.08.18 13:42:06.617,1.09885,1.09906,1.00,1.00
2014.08.18 13:42:06.770,1.09888,1.09906,1.00,1.00
2014.08.18 13:42:08.891,1.09887,1.09906,1.10,1.00
2014.08.18 13:42:09.194,1.09884,1.09906,1.38,1.00
2014.08.18 13:42:11.592,1.09883,1.09906,1.13,1.00
2014.08.18 13:42:16.977,1.09886,1.09906,1.00,1.00
2014.08.18 13:42:17.180,1.09883,1.09906,2.85,1.00
2014.08.18 13:42:17.686,1.09884,1.09906,1.00,1.00
2014.08.18 13:42:26.867,1.09883,1.09906,2.70,1.00
2014.08.18 13:42:27.888,1.09885,1.09906,1.00,1.00
2014.08.18 13:42:32.376,1.09883,1.09906,1.20,1.00
2014.08.18 13:42:36.897,1.09884,1.09906,1.00,1.00
2014.08.18 13:42:37.398,1.09883,1.09906,1.10,1.00
2014.08.18 13:42:40.296,1.09884,1.09906,1.00,1.00
2014.08.18 13:42:43.800,1.09883,1.09906,1.50,1.00
2014.08.18 13:42:43.952,1.09886,1.09906,1.00,1.00
2014.08.18 13:42:44.259,1.09889,1.09906,1.00,1.00
2014.08.18 13:42:44.361,1.09886,1.09906,1.00,1.00
2014.08.18 13:42:48.097,1.09884,1.09906,1.00,1.00
2014.08.18 13:42:50.999,1.09885,1.09906,1.00,1.00
2014.08.18 13:43:06.647,1.09885,1.0991,1.13,1.00
2014.08.18 13:43:16.132,1.09883,1.0991,1.38,1.00
2014.08.18 13:43:23.892,1.09882,1.09909,1.48,1.00
2014.08.18 13:43:34.109,1.09888,1.09909,1.00,1.50
2014.08.18 13:43:34.463,1.09891,1.09913,1.00,1.00
2014.08.18 13:43:34.564,1.09891,1.09913,1.38,1.00
2014.08.18 13:43:34.716,1.09894,1.09918,1.50,1.00
2014.08.18 13:43:35.222,1.09895,1.09918,1.00,1.00
2014.08.18 13:43:35.478,1.09898,1.09918,1.00,1.00
2014.08.18 13:43:35.580,1.09898,1.0992,1.00,1.00
2014.08.18 13:43:36.157,1.09898,1.09921,1.00,1.80
2014.08.18 13:43:36.676,1.09898,1.0992,1.00,1.00
2014.08.18 13:43:37.222,1.09898,1.09921,1.00,1.80
2014.08.18 13:43:37.760,1.09898,1.0992,1.00,1.00
2014.08.18 13:43:38.570,1.09898,1.09921,1.00,2.55
2014.08.18 13:43:39.086,1.09898,1.0992,1.00,1.00
2014.08.18 13:43:39.854,1.09898,1.09921,1.00,1.80
2014.08.18 13:43:40.368,1.09898,1.0992,1.00,1.00
2014.08.18 13:43:41.426,1.09898,1.09921,1.00,1.80
2014.08.18 13:43:42.848,1.09898,1.0992,1.00,1.00
2014.08.18 13:43:43.516,1.09898,1.09921,1.00,1.80
2014.08.18 13:43:44.024,1.09898,1.0992,1.00,1.00
2014.08.18 13:43:44.637,1.09898,1.09921,1.00,1.80
2014.08.18 13:43:44.864,1.09902,1.09921,1.00,1.80
2014.08.18 13:43:45.068,1.09908,1.09928,1.00,1.00
2014.08.18 13:43:45.271,1.09908,1.09931,1.00,1.00
2014.08.18 13:43:45.676,1.09908,1.09928,1.00,1.00
2014.08.18 13:43:46.183,1.09908,1.09929,1.00,1.00
2014.08.18 13:43:47.642,1.09908,1.09928,1.00,1.00
2014.08.18 13:43:54.106,1.09908,1.09931,1.00,1.50
2014.08.18 13:44:31.208,1.09908,1.09928,1.00,1.00
2014.08.18 13:44:31.259,1.09905,1.09928,1.00,1.50
2014.08.18 13:44:31.967,1.09905,1.09926,1.00,1.08
2014.08.18 13:44:32.221,1.099,1.09925,1.00,1.65
2014.08.18 13:44:46.512,1.099,1.09923,1.00,1.00
2014.08.18 13:44:52.621,1.099,1.09921,1.00,1.18
2014.08.18 13:44:52.672,1.09897,1.09921,1.00,1.18
2014.08.18 13:44:55.001,1.09895,1.09918,1.00,1.00
2014.08.18 13:45:10.049,1.09897,1.09922,1.00,2.40
2014.08.18 13:45:12.707,1.09897,1.09921,1.00,1.65
2014.08.18 13:45:33.041,1.09897,1.09922,1.00,1.00
2014.08.18 13:45:36.065,1.09898,1.09922,1.00,1.00
2014.08.18 13:45:36.420,1.09897,1.0992,1.00,1.00
2014.08.18 13:45:36.925,1.09897,1.09921,1.00,1.15
2014.08.18 13:46:04.977,1.09897,1.09921,1.00,1.10
2014.08.18 13:46:10.067,1.09893,1.09921,1.00,1.10
2014.08.18 13:46:11.135,1.09891,1.09921,1.95,1.10
2014.08.18 13:46:19.091,1.0989,1.09913,1.18,1.00
2014.08.18 13:46:19.244,1.09888,1.09913,1.50,1.50
2014.08.18 13:46:19.396,1.09889,1.09913,1.38,1.50
2014.08.18 13:46:19.750,1.09892,1.09912,1.00,1.00
2014.08.18 13:46:19.801,1.09892,1.09917,1.50,1.50
2014.08.18 13:46:19.852,1.09894,1.09917,1.00,1.00
2014.08.18 13:46:20.155,1.09896,1.09919,1.00,1.20
2014.08.18 13:46:33.935,1.09896,1.09919,1.00,1.08
2014.08.18 13:46:34.189,1.09894,1.09917,1.00,1.00
2014.08.18 13:46:34.442,1.09896,1.09921,1.00,1.10
2014.08.18 13:46:36.530,1.09899,1.09924,1.00,2.93
2014.08.18 13:46:36.581,1.09899,1.09924,1.00,1.08
2014.08.18 13:46:36.825,1.09902,1.09924,1.00,1.00
2014.08.18 13:46:36.876,1.09903,1.09926,1.00,1.80
2014.08.18 13:46:36.978,1.09907,1.09926,1.00,1.05
2014.08.18 13:46:37.079,1.09903,1.09926,1.00,1.05
2014.08.18 13:46:37.390,1.09903,1.09928,1.00,1.50
2014.08.18 13:46:39.521,1.09903,1.09926,1.00,1.00
2014.08.18 13:46:39.826,1.09903,1.09924,1.00,1.00
2014.08.18 13:46:39.928,1.09903,1.09926,1.00,1.00
2014.08.18 13:46:40.131,1.09903,1.09928,1.00,1.50
2014.08.18 13:46:40.232,1.09903,1.09926,1.00,1.00
2014.08.18 13:46:40.555,1.09907,1.09926,1.00,1.00
2014.08.18 13:46:41.117,1.09907,1.09925,1.00,1.00
2014.08.18 13:46:44.152,1.09907,1.09926,1.00,1.00
2014.08.18 13:46:44.400,1.09907,1.09928,1.00,1.00
2014.08.18 13:46:44.501,1.09904,1.09927,1.00,1.00
2014.08.18 13:46:51.800,1.09907,1.09928,1.00,1.00
2014.08.18 13:46:54.210,1.09907,1.09927,1.00,1.00
2014.08.18 13:46:54.980,1.09907,1.09926,1.00,1.00
2014.08.18 13:46:55.492,1.09907,1.09927,1.00,1.00
2014.08.18 13:46:55.997,1.09907,1.09926,1.00,1.00
2014.08.18 13:46:57.346,1.09904,1.09926,1.00,1.00
2014.08.18 13:46:57.879,1.09904,1.09927,1.00,1.50
2014.08.18 13:46:58.452,1.09904,1.09926,1.00,1.00
2014.08.18 13:46:58.966,1.09904,1.09927,1.00,1.50
2014.08.18 13:47:00.593,1.09904,1.09926,1.00,1.00
2014.08.18 13:47:01.329,1.09904,1.09927,1.00,1.00
2014.08.18 13:47:01.851,1.09904,1.09926,1.00,1.00
2014.08.18 13:47:02.361,1.09904,1.09927,1.00,1.50
2014.08.18 13:47:02.904,1.09904,1.09926,1.00,1.00
2014.08.18 13:47:03.484,1.09904,1.09927,1.00,1.00
2014.08.18 13:47:04.871,1.09904,1.09926,1.00,1.10
2014.08.18 13:47:05.023,1.09901,1.09924,1.00,1.00
2014.08.18 13:47:10.504,1.09897,1.09922,1.00,1.00
2014.08.18 13:47:15.095,1.09897,1.09921,1.00,1.00
2014.08.18 13:47:16.029,1.09897,1.09922,1.00,2.25
2014.08.18 13:47:16.644,1.09897,1.09921,1.00,1.00
2014.08.18 13:47:17.151,1.09897,1.09922,1.00,1.00
2014.08.18 13:47:17.684,1.09897,1.09921,1.00,1.00
2014.08.18 13:47:19.216,1.09897,1.09922,1.00,2.33
2014.08.18 13:47:24.747,1.09897,1.09921,1.00,1.00
2014.08.18 13:47:26.558,1.09897,1.09922,1.00,1.10
2014.08.18 13:47:27.270,1.09897,1.09921,1.00,1.00
2014.08.18 13:47:31.948,1.09897,1.0992,1.00,1.00
2014.08.18 13:47:32.461,1.09897,1.09921,1.00,1.50
2014.08.18 13:47:49.366,1.09897,1.09922,1.00,1.10
2014.08.18 13:47:50.206,1.09899,1.09922,1.00,1.00
2014.08.18 13:47:50.358,1.09901,1.09926,1.00,1.50
2014.08.18 13:47:50.409,1.09901,1.09924,1.00,1.00
2014.08.18 13:47:50.915,1.09901,1.09925,1.00,1.50
2014.08.18 13:47:51.231,1.09899,1.09922,1.00,1.00
2014.08.18 13:47:51.777,1.09899,1.09922,1.00,1.15
2014.08.18 13:47:57.057,1.09899,1.0992,1.00,1.00
2014.08.18 13:47:57.159,1.09894,1.09919,1.00,1.50
2014.08.18 13:47:57.361,1.09892,1.09915,1.00,1.00
2014.08.18 13:47:57.716,1.09895,1.09918,1.00,1.00
2014.08.18 13:47:58.039,1.09893,1.09915,1.00,1.20
2014.08.18 13:47:58.546,1.09892,1.09915,1.00,1.20
2014.08.18 13:47:59.136,1.09896,1.09919,1.00,1.58
2014.08.18 13:47:59.187,1.09896,1.09919,1.00,1.50
2014.08.18 13:47:59.239,1.09898,1.09919,1.00,1.00
2014.08.18 13:47:59.341,1.09894,1.09917,1.00,1.00
2014.08.18 13:48:00.363,1.09895,1.09917,1.00,1.00
2014.08.18 13:48:00.465,1.09894,1.09919,1.00,1.00
2014.08.18 13:48:02.407,1.09894,1.09919,1.00,1.18
2014.08.18 13:48:07.522,1.09894,1.09919,1.00,1.00
2014.08.18 13:48:09.166,1.09894,1.09918,1.00,1.00
2014.08.18 13:48:09.268,1.09891,1.09914,1.00,1.00
2014.08.18 13:48:09.580,1.09887,1.09912,1.50,1.10
2014.08.18 13:48:11.347,1.0989,1.09912,1.00,1.10
2014.08.18 13:48:11.449,1.09891,1.09916,1.00,2.40
2014.08.18 13:48:11.501,1.09891,1.09916,1.00,1.10
2014.08.18 13:48:11.704,1.09895,1.09918,1.00,1.00
2014.08.18 13:48:49.679,1.09895,1.09917,1.00,1.00
2014.08.18 13:48:49.955,1.09891,1.09916,1.38,1.00
2014.08.18 13:48:51.934,1.0989,1.09914,2.03,1.00
2014.08.18 13:49:02.202,1.09889,1.09914,2.03,1.00
2014.08.18 13:49:02.710,1.09889,1.09914,2.78,1.00
2014.08.18 13:49:04.956,1.09889,1.09914,2.78,1.00
2014.08.18 13:49:05.566,1.09892,1.09914,1.00,1.00
2014.08.18 13:49:07.433,1.0989,1.09914,1.45,1.00
2014.08.18 13:49:07.955,1.0989,1.09913,1.20,1.00
2014.08.18 13:49:08.464,1.09891,1.09916,1.00,1.00
2014.08.18 13:49:08.653,1.0989,1.09914,1.20,1.00
2014.08.18 13:49:17.564,1.0989,1.09911,1.95,1.00
2014.08.18 13:49:17.716,1.09887,1.09911,1.88,1.00
2014.08.18 13:49:18.121,1.09884,1.09908,1.88,1.00
2014.08.18 13:49:18.425,1.09886,1.0991,1.58,1.00
2014.08.18 13:49:18.729,1.09889,1.09912,2.25,1.00
2014.08.18 13:49:18.982,1.09889,1.09914,2.25,1.00
2014.08.18 13:49:19.965,1.09889,1.0991,1.50,1.00
2014.08.18 13:49:20.067,1.09887,1.0991,2.25,1.00
2014.08.18 13:49:20.272,1.09892,1.0991,1.00,1.00
2014.08.18 13:49:20.323,1.09892,1.09913,1.00,1.00
2014.08.18 13:49:20.375,1.09895,1.09913,1.00,1.00
2014.08.18 13:49:20.425,1.09895,1.09915,1.00,1.00
2014.08.18 13:49:20.527,1.09895,1.09918,1.50,1.00
2014.08.18 13:49:25.117,1.09891,1.09913,1.10,1.00
2014.08.18 13:49:25.269,1.09887,1.09912,2.78,1.00
2014.08.18 13:49:25.473,1.09887,1.09908,1.13,1.00
2014.08.18 13:49:36.911,1.09887,1.0991,1.88,1.00
2014.08.18 13:49:37.265,1.09889,1.0991,1.38,1.00
2014.08.18 13:49:37.569,1.09888,1.09911,1.20,1.00
2014.08.18 13:49:37.876,1.0989,1.09913,1.00,1.00
2014.08.18 13:49:38.391,1.09894,1.09913,1.00,1.00
2014.08.18 13:49:38.442,1.09895,1.09918,1.00,1.00
2014.08.18 13:49:38.898,1.09892,1.09915,1.00,1.00
2014.08.18 13:49:39.050,1.09889,1.09914,1.00,1.10
2014.08.18 13:49:39.101,1.09892,1.09915,1.00,1.08
2014.08.18 13:49:39.351,1.09888,1.09913,1.50,1.00
2014.08.18 13:49:40.191,1.09886,1.09911,1.50,1.00
2014.08.18 13:49:42.715,1.09888,1.09913,1.00,1.00
2014.08.18 13:49:47.348,1.09891,1.09914,1.00,1.58
2014.08.18 13:49:47.827,1.09888,1.09913,1.00,1.00
2014.08.18 13:49:49.091,1.09888,1.09912,1.00,1.00
2014.08.18 13:49:49.142,1.09887,1.0991,1.00,1.00
2014.08.18 13:49:52.757,1.09889,1.09912,1.00,1.50
2014.08.18 13:49:53.628,1.09888,1.09911,1.00,1.00
2014.08.18 13:50:36.535,1.09886,1.09909,1.00,1.00
2014.08.18 13:50:48.433,1.09886,1.09909,1.88,1.00
2014.08.18 13:50:48.737,1.09892,1.09912,1.13,1.00
2014.08.18 13:50:49.246,1.09892,1.09912,1.28,1.00
2014.08.18 13:50:49.551,1.09895,1.09912,1.00,1.00
2014.08.18 13:50:49.602,1.09892,1.09912,2.03,1.00
2014.08.18 13:50:49.957,1.09893,1.09916,1.00,1.00
2014.08.18 13:50:50.059,1.09889,1.09913,1.95,1.00
2014.08.18 13:50:50.667,1.09888,1.09913,1.75,1.00
2014.08.18 13:50:50.873,1.09888,1.09913,1.38,1.00
2014.08.18 13:50:50.975,1.09888,1.09913,1.00,1.00
2014.08.18 13:50:51.931,1.09887,1.0991,1.88,1.00
2014.08.18 13:50:52.659,1.09887,1.0991,1.50,1.00
2014.08.18 13:50:54.679,1.09885,1.0991,1.00,1.00
2014.08.18 13:50:54.781,1.09883,1.09908,1.88,1.00
2014.08.18 13:50:55.135,1.09883,1.09905,1.88,1.00
2014.08.18 13:50:55.540,1.0988,1.09905,1.95,1.00
2014.08.18 13:50:55.692,1.09883,1.09905,1.00,1.00
2014.08.18 13:50:55.996,1.09886,1.09906,1.13,1.00
2014.08.18 13:50:56.954,1.09886,1.09906,1.38,1.00
2014.08.18 13:50:57.517,1.09886,1.09911,1.38,1.00
2014.08.18 13:51:00.344,1.09888,1.09911,1.00,1.00
2014.08.18 13:51:00.850,1.09889,1.09911,1.00,1.00
2014.08.18 13:51:01.387,1.09888,1.09911,1.00,1.00
2014.08.18 13:51:01.931,1.09886,1.09911,2.63,1.00
2014.08.18 13:51:02.828,1.09889,1.09912,1.00,1.00
2014.08.18 13:51:03.337,1.0989,1.09913,1.00,1.00
2014.08.18 13:51:09.309,1.09894,1.09913,1.00,1.00
2014.08.18 13:51:09.511,1.09894,1.09916,1.00,1.00
2014.08.18 13:51:09.663,1.09896,1.09918,1.00,1.00
2014.08.18 13:51:10.076,1.09897,1.0992,1.00,1.50
2014.08.18 13:51:11.081,1.09897,1.09917,1.00,1.00
2014.08.18 13:51:11.772,1.09897,1.0992,1.00,1.50
2014.08.18 13:51:12.342,1.09894,1.09917,1.00,1.00
2014.08.18 13:51:13.731,1.09896,1.09919,1.00,1.00
2014.08.18 13:51:19.008,1.09897,1.09922,1.00,2.33
2014.08.18 13:51:19.928,1.09898,1.09922,1.00,1.00
2014.08.18 13:51:21.082,1.09899,1.09924,1.00,2.25
2014.08.18 13:51:24.072,1.09898,1.09921,1.50,1.00
2014.08.18 13:51:25.944,1.099,1.09923,1.00,1.00
2014.08.18 13:51:26.493,1.099,1.09924,1.00,1.00
2014.08.18 13:51:27.000,1.09899,1.09922,1.00,1.00
2014.08.18 13:51:27.305,1.09896,1.09919,1.00,1.10
2014.08.18 13:51:27.611,1.09893,1.09916,1.05,1.00
2014.08.18 13:51:28.117,1.09892,1.09917,1.00,1.00
2014.08.18 13:51:33.150,1.09896,1.09917,1.00,1.00
2014.08.18 13:51:33.201,1.09898,1.09921,1.00,1.00
2014.08.18 13:51:40.546,1.09897,1.09922,1.00,1.00
2014.08.18 13:51:40.648,1.09896,1.09919,1.00,1.00
2014.08.18 13:51:40.750,1.09893,1.09918,1.00,1.10
2014.08.18 13:51:41.003,1.09892,1.09915,1.00,1.00
2014.08.18 13:51:41.205,1.09893,1.09918,1.00,1.00
2014.08.18 13:51:48.313,1.09897,1.09918,1.00,1.00
2014.08.18 13:51:48.363,1.09899,1.09924,1.00,1.65
2014.08.18 13:51:48.465,1.09901,1.09924,1.00,1.50
2014.08.18 13:52:14.189,1.09902,1.09927,1.00,1.50
2014.08.18 13:52:15.065,1.09902,1.09924,1.00,1.00
2014.08.18 13:52:15.961,1.09905,1.09924,1.00,1.00
2014.08.18 13:52:16.062,1.09903,1.09924,1.00,1.00
2014.08.18 13:52:16.164,1.09903,1.09921,1.00,1.00
2014.08.18 13:52:16.215,1.099,1.09921,1.00,1.00
2014.08.18 13:52:16.417,1.099,1.09924,1.00,1.00
2014.08.18 13:52:16.530,1.09903,1.09924,1.00,1.00
2014.08.18 13:52:16.834,1.09903,1.09926,1.00,1.50
2014.08.18 13:52:17.340,1.09903,1.09925,1.00,1.00
2014.08.18 13:52:17.881,1.09903,1.09926,1.00,1.00
2014.08.18 13:52:27.205,1.09902,1.09925,1.00,1.00
2014.08.18 13:52:30.062,1.09902,1.09925,1.68,1.00
2014.08.18 13:52:30.267,1.09916,1.09937,1.44,3.30
2014.08.18 13:52:30.368,1.09916,1.09934,1.00,1.38
2014.08.18 13:52:30.470,1.09912,1.09934,1.00,1.88
2014.08.18 13:52:30.623,1.0991,1.09932,1.00,1.00
2014.08.18 13:52:30.725,1.0991,1.0993,1.00,1.00
2014.08.18 13:52:31.029,1.0991,1.09928,1.50,1.00
2014.08.18 13:52:31.131,1.0991,1.09932,1.50,1.00
2014.08.18 13:52:31.638,1.09909,1.09932,1.00,2.33
2014.08.18 13:52:31.688,1.09906,1.09927,1.00,1.00
2014.08.18 13:52:31.790,1.09903,1.09927,1.00,1.00
2014.08.18 13:52:32.043,1.09901,1.09926,1.50,1.50
2014.08.18 13:52:32.144,1.09903,1.09926,1.00,1.50
2014.08.18 13:52:32.913,1.09901,1.09926,1.50,1.00
2014.08.18 13:52:35.450,1.09903,1.09926,1.00,1.50
2014.08.18 13:52:35.754,1.09901,1.09924,1.00,1.00
2014.08.18 13:52:36.007,1.09902,1.09926,1.00,1.00
2014.08.18 13:52:36.522,1.09901,1.09924,1.00,1.00
2014.08.18 13:52:37.401,1.09904,1.09924,1.00,1.00
2014.08.18 13:52:37.553,1.09905,1.09929,1.00,1.00
2014.08.18 13:52:38.078,1.09905,1.0993,1.00,1.00
2014.08.18 13:52:38.838,1.09904,1.09927,1.50,1.00
2014.08.18 13:52:57.684,1.0991,1.09931,1.00,1.00
2014.08.18 13:52:57.785,1.09908,1.09931,1.00,1.50
2014.08.18 13:52:58.190,1.09911,1.09934,1.00,1.00
2014.08.18 13:52:58.494,1.09909,1.09932,1.00,1.00
2014.08.18 13:53:01.189,1.09911,1.09934,1.00,1.00
2014.08.18 13:53:01.639,1.09909,1.09932,1.00,1.00
2014.08.18 13:53:02.301,1.0991,1.09935,1.00,1.00
2014.08.18 13:53:02.584,1.09908,1.09933,1.20,1.00
2014.08.18 13:53:04.572,1.0991,1.09935,1.00,1.00
2014.08.18 13:53:04.934,1.09909,1.09932,1.00,1.00
2014.08.18 13:53:05.491,1.09911,1.09934,1.00,1.00
2014.08.18 13:53:06.001,1.09909,1.09932,1.00,1.00
2014.08.18 13:53:06.458,1.09911,1.09934,1.00,1.00
2014.08.18 13:53:06.663,1.09912,1.09937,1.00,1.50
2014.08.18 13:53:07.050,1.09908,1.09933,1.65,1.00
2014.08.18 13:53:07.440,1.09911,1.09934,1.00,1.00
2014.08.18 13:53:07.800,1.09912,1.09937,1.00,1.00
2014.08.18 13:53:10.746,1.09914,1.09939,1.00,1.00
2014.08.18 13:53:11.203,1.09912,1.09937,1.00,1.00
2014.08.18 13:53:28.813,1.09913,1.09937,1.00,1.00
2014.08.18 13:53:28.914,1.09911,1.09936,1.00,1.00
2014.08.18 13:53:30.655,1.09915,1.09937,1.00,1.00
2014.08.18 13:53:31.157,1.09915,1.09938,1.00,1.00
2014.08.18 13:53:32.846,1.09912,1.09937,1.00,1.00
2014.08.18 13:53:33.417,1.09912,1.09935,1.00,1.00
2014.08.18 13:53:34.847,1.0991,1.09935,1.00,1.50
2014.08.18 13:53:35.930,1.09913,1.09936,1.00,1.00
2014.08.18 13:53:38.678,1.09914,1.09939,1.50,1.00
2014.08.18 13:53:39.244,1.09913,1.09936,1.00,1.00
2014.08.18 13:53:59.458,1.09915,1.09938,1.00,1.00
2014.08.18 13:54:01.028,1.09918,1.09941,1.00,1.50
2014.08.18 13:54:01.332,1.0992,1.09943,1.15,1.00
2014.08.18 13:54:01.737,1.0992,1.09943,1.00,1.00
2014.08.18 13:54:03.540,1.09918,1.09941,1.95,1.00
2014.08.18 13:54:03.641,1.0992,1.09943,1.00,1.00
2014.08.18 13:54:03.794,1.09917,1.09942,1.50,1.00
2014.08.18 13:54:04.150,1.09917,1.09942,1.65,1.00
2014.08.18 13:54:04.352,1.09917,1.09942,1.50,1.00
2014.08.18 13:54:04.454,1.09917,1.0994,1.00,1.00
2014.08.18 13:54:07.863,1.09916,1.09938,1.00,1.00
2014.08.18 13:54:07.965,1.09917,1.09941,1.13,1.00
2014.08.18 13:54:08.269,1.09918,1.09943,1.00,1.00
2014.08.18 13:54:08.370,1.09917,1.0994,1.88,1.00
2014.08.18 13:54:08.827,1.09914,1.09938,1.95,1.00
2014.08.18 13:54:09.131,1.09914,1.09938,1.20,1.00
2014.08.18 13:54:09.500,1.09912,1.09935,1.00,1.00
2014.08.18 13:54:09.905,1.09912,1.09937,1.00,1.00
2014.08.18 13:54:10.158,1.09911,1.09934,1.13,1.00
2014.08.18 13:54:12.763,1.09914,1.09937,1.00,1.00
2014.08.18 13:54:13.219,1.09916,1.09939,1.00,1.00
2014.08.18 13:54:13.888,1.09918,1.09941,1.08,1.00
2014.08.18 13:54:15.324,1.09914,1.09944,1.65,1.88
2014.08.18 13:54:15.493,1.09914,1.09944,1.50,1.88
2014.08.18 13:54:16.317,1.09922,1.09945,1.00,1.00
2014.08.18 13:54:16.419,1.09921,1.09948,1.00,1.50
2014.08.18 13:54:16.940,1.0992,1.09949,1.30,1.69
2014.08.18 13:54:20.263,1.0992,1.09945,1.13,1.00
2014.08.18 13:54:25.113,1.09922,1.09945,1.00,1.00
2014.08.18 13:54:25.419,1.09928,1.09948,1.00,1.50
2014.08.18 13:54:25.723,1.09925,1.09945,2.33,1.00
2014.08.18 13:54:25.875,1.09921,1.09944,1.00,1.00
2014.08.18 13:54:25.976,1.09918,1.09943,1.00,1.00
2014.08.18 13:54:26.537,1.09916,1.09941,1.50,1.00
2014.08.18 13:54:33.040,1.09915,1.09938,1.00,1.00
2014.08.18 13:54:35.209,1.09914,1.09937,1.10,1.00
2014.08.18 13:54:41.725,1.09912,1.09935,1.15,1.00
2014.08.18 13:54:42.131,1.09912,1.09935,1.00,1.00
2014.08.18 13:54:44.087,1.09908,1.09933,1.13,1.00
2014.08.18 13:54:44.188,1.09907,1.0993,2.56,1.00
2014.08.18 13:54:46.729,1.09909,1.09932,1.00,1.00
2014.08.18 13:54:51.276,1.09909,1.0993,1.00,1.00
2014.08.18 13:54:51.327,1.09907,1.0993,1.00,1.50
2014.08.18 13:54:51.681,1.09903,1.09928,1.00,1.00
2014.08.18 13:54:51.785,1.09903,1.09928,1.45,1.00
2014.08.18 13:54:52.335,1.09906,1.09929,1.00,1.00
2014.08.18 13:54:52.538,1.09907,1.09932,1.00,1.00
2014.08.18 13:54:54.326,1.0991,1.09932,1.00,1.00
2014.08.18 13:54:54.428,1.09911,1.09934,1.00,1.00
2014.08.18 13:54:54.630,1.09913,1.09936,1.00,1.00
2014.08.18 13:54:55.094,1.09914,1.09938,1.00,1.00
2014.08.18 13:54:55.145,1.09914,1.09936,1.00,1.00
2014.08.18 13:54:55.450,1.09916,1.09938,1.00,1.00
2014.08.18 13:54:55.754,1.09914,1.09937,1.00,1.00
2014.08.18 13:54:59.168,1.09911,1.09936,1.00,1.00
2014.08.18 13:55:00.581,1.0991,1.09931,1.00,1.00
2014.08.18 13:55:01.086,1.09908,1.09931,1.00,1.00
2014.08.18 13:55:01.595,1.09907,1.0993,1.05,1.10
2014.08.18 13:55:08.740,1.0991,1.09934,1.00,1.08
2014.08.18 13:55:09.043,1.09914,1.09937,1.00,1.00
2014.08.18 13:55:10.134,1.09916,1.09939,1.00,1.00
2014.08.18 13:55:15.350,1.09916,1.09938,1.00,1.00
2014.08.18 13:55:16.799,1.09916,1.09939,1.00,1.50
2014.08.18 13:55:21.852,1.09916,1.09937,1.00,1.00
2014.08.18 13:55:22.828,1.09916,1.09939,1.00,1.00
2014.08.18 13:55:27.628,1.09914,1.09937,1.00,1.00
2014.08.18 13:55:27.729,1.09912,1.09937,1.00,1.00
2014.08.18 13:55:32.794,1.09915,1.09938,1.00,1.00
2014.08.18 13:55:43.367,1.0992,1.09938,1.00,1.00
2014.08.18 13:55:43.570,1.0992,1.09941,1.00,1.00
2014.08.18 13:55:44.599,1.09916,1.09941,1.50,1.00
2014.08.18 13:56:15.211,1.09916,1.09941,1.08,1.00
2014.08.18 13:56:20.516,1.09916,1.09941,1.00,1.00
2014.08.18 13:56:22.037,1.09919,1.09941,1.00,1.00
2014.08.18 13:56:22.341,1.09921,1.09943,1.13,1.00
2014.08.18 13:56:22.847,1.09922,1.09945,1.65,1.00
2014.08.18 13:56:23.656,1.09925,1.09945,1.00,1.00
2014.08.18 13:56:24.168,1.09925,1.09944,1.00,1.00
2014.08.18 13:56:29.601,1.09921,1.09944,1.15,1.00
2014.08.18 13:56:29.753,1.09921,1.09944,1.18,1.00
2014.08.18 13:56:36.974,1.09923,1.09944,1.00,1.00
2014.08.18 13:56:42.098,1.09926,1.09944,1.00,1.00
2014.08.18 13:56:42.401,1.09924,1.09944,1.00,1.00
2014.08.18 13:56:44.843,1.09919,1.09943,1.15,1.00
2014.08.18 13:56:45.579,1.09919,1.09942,1.15,1.00
2014.08.18 13:56:46.509,1.09919,1.09943,1.15,1.50
2014.08.18 13:56:48.644,1.0992,1.09943,1.00,1.00
2014.08.18 13:56:48.953,1.09923,1.09943,1.00,1.00
2014.08.18 13:56:50.143,1.09921,1.09943,1.20,1.00
2014.08.18 13:56:50.449,1.09922,1.09945,1.50,1.50
2014.08.18 13:56:50.601,1.09924,1.09945,1.00,1.00
2014.08.18 13:56:50.803,1.09922,1.09944,1.00,1.00
2014.08.18 13:56:51.106,1.09924,1.09947,1.00,1.00
2014.08.18 13:56:51.649,1.09925,1.09948,1.00,1.00
2014.08.18 13:56:51.750,1.09921,1.09945,1.65,1.00
2014.08.18 13:56:51.800,1.0993,1.09945,1.00,1.00
2014.08.18 13:56:51.902,1.0993,1.09947,1.00,1.00
2014.08.18 13:56:52.004,1.0993,1.0995,1.00,1.00
2014.08.18 13:56:52.156,1.09925,1.0995,1.65,1.00
2014.08.18 13:56:52.359,1.09928,1.09953,1.00,1.50
2014.08.18 13:56:52.460,1.09927,1.0995,1.00,1.00
2014.08.18 13:56:53.020,1.09928,1.09952,1.00,1.00
2014.08.18 13:56:53.728,1.09928,1.09953,1.00,1.00
2014.08.18 13:56:53.880,1.09926,1.09949,1.00,1.00
2014.08.18 13:56:53.981,1.09927,1.09951,1.00,1.00
2014.08.18 13:56:54.487,1.09927,1.0995,1.00,1.00
2014.08.18 13:56:54.538,1.09925,1.0995,1.00,1.50
2014.08.18 13:56:58.122,1.09925,1.0995,1.00,1.38
2014.08.18 13:56:58.679,1.09925,1.0995,1.00,1.00
2014.08.18 13:57:07.622,1.09925,1.09948,1.00,1.13
2014.08.18 13:57:07.936,1.09924,1.09944,1.00,1.00
2014.08.18 13:57:08.450,1.09924,1.09943,1.00,1.00
2014.08.18 13:57:08.960,1.09924,1.09946,1.00,1.00
2014.08.18 13:57:09.162,1.09924,1.09948,1.00,1.50
2014.08.18 13:57:09.775,1.09924,1.09949,1.00,1.50
2014.08.18 13:57:10.897,1.09924,1.09948,1.00,1.00
2014.08.18 13:57:11.842,1.09924,1.09946,1.00,1.00
2014.08.18 13:57:12.357,1.09924,1.09944,1.00,1.00
2014.08.18 13:57:12.973,1.09924,1.09943,1.00,1.00
2014.08.18 13:57:14.278,1.09924,1.09944,1.00,1.00
2014.08.18 13:57:14.481,1.09925,1.09947,1.00,1.00
2014.08.18 13:57:14.582,1.09928,1.09948,1.00,1.00
2014.08.18 13:57:14.903,1.0993,1.09949,1.00,1.00
2014.08.18 13:57:15.207,1.09929,1.09947,1.00,1.00
2014.08.18 13:57:17.194,1.09929,1.09948,1.00,1.00
2014.08.18 13:57:17.727,1.09929,1.09947,1.00,1.00
2014.08.18 13:57:18.352,1.09929,1.09948,1.00,1.00
2014.08.18 13:57:18.905,1.09929,1.09947,1.00,1.00
2014.08.18 13:57:19.779,1.09929,1.09948,1.00,1.00
2014.08.18 13:57:20.291,1.09929,1.09947,1.00,1.00
2014.08.18 13:57:21.374,1.09931,1.09947,1.00,1.00
2014.08.18 13:57:21.424,1.09931,1.09951,1.00,1.13
2014.08.18 13:57:25.116,1.09929,1.09948,1.00,1.00
2014.08.18 13:57:25.634,1.09929,1.09947,1.00,1.00
2014.08.18 13:57:26.096,1.09927,1.09948,1.00,1.00
2014.08.18 13:57:26.716,1.09927,1.09947,1.00,1.00
2014.08.18 13:57:27.222,1.09927,1.09948,1.00,1.50
2014.08.18 13:57:27.375,1.09925,1.09948,1.50,1.50
2014.08.18 13:57:27.630,1.09923,1.09945,1.00,1.38
2014.08.18 13:57:27.933,1.09921,1.09939,1.00,1.00
2014.08.18 13:57:28.237,1.09917,1.09935,1.50,1.00
2014.08.18 13:57:28.642,1.09919,1.09936,1.00,1.00
2014.08.18 13:57:29.196,1.09919,1.09935,1.00,1.00
2014.08.18 13:57:29.506,1.09921,1.09935,1.00,1.00
2014.08.18 13:57:30.085,1.09921,1.09936,1.00,1.00
2014.08.18 13:57:30.641,1.09921,1.09935,1.00,1.00
2014.08.18 13:57:31.245,1.09921,1.09936,1.00,1.00
2014.08.18 13:57:31.777,1.09921,1.0994,1.00,1.50
2014.08.18 13:57:32.528,1.09921,1.09939,1.00,1.00
2014.08.18 13:57:32.731,1.09921,1.09937,1.00,1.00
2014.08.18 13:57:33.137,1.09923,1.09938,1.00,1.00
2014.08.18 13:57:33.239,1.09923,1.0994,1.00,1.00
2014.08.18 13:57:33.340,1.0992,1.0994,1.00,1.00
2014.08.18 13:57:34.323,1.09919,1.0994,1.00,1.00
2014.08.18 13:57:34.893,1.09918,1.0994,1.00,1.00
2014.08.18 13:57:40.145,1.09917,1.0994,1.00,1.00
2014.08.18 13:57:47.215,1.09917,1.09938,1.00,1.00
2014.08.18 13:57:47.721,1.09917,1.09939,1.00,1.00
2014.08.18 13:57:48.238,1.09917,1.09938,1.00,1.00
2014.08.18 13:57:48.753,1.09917,1.09939,1.00,1.00
2014.08.18 13:57:49.301,1.09917,1.09938,1.00,1.00
2014.08.18 13:57:49.822,1.09917,1.09939,1.00,1.00
2014.08.18 13:57:50.334,1.09917,1.09938,1.00,1.00
2014.08.18 13:57:50.486,1.09917,1.0994,1.00,1.00
2014.08.18 13:57:55.666,1.09918,1.0994,1.00,1.50
2014.08.18 13:57:56.021,1.09917,1.09938,1.00,1.00
2014.08.18 13:57:56.593,1.09917,1.09939,1.00,1.00
2014.08.18 13:57:57.151,1.09917,1.09938,1.00,1.00
2014.08.18 13:57:57.252,1.09914,1.09938,1.50,1.00
2014.08.18 13:57:57.859,1.09914,1.09939,1.00,1.50
2014.08.18 13:57:58.369,1.09914,1.09938,1.00,1.00
2014.08.18 13:57:59.029,1.09914,1.09937,1.00,1.00
2014.08.18 13:57:59.901,1.09914,1.09938,1.00,1.00
2014.08.18 13:58:01.166,1.09914,1.09939,1.00,1.00
2014.08.18 13:58:01.420,1.09914,1.09937,1.00,1.00
2014.08.18 13:58:02.540,1.09914,1.09938,1.50,1.00
2014.08.18 13:58:03.161,1.09914,1.09939,1.50,1.50
2014.08.18 13:58:04.041,1.09914,1.09937,2.25,1.00
2014.08.18 13:58:04.634,1.09914,1.09938,2.25,1.00
2014.08.18 13:58:05.163,1.09914,1.09937,2.25,1.00
2014.08.18 13:58:05.469,1.09917,1.09939,1.00,1.00
2014.08.18 13:58:06.341,1.09918,1.09939,1.00,1.00
2014.08.18 13:58:06.443,1.09918,1.09941,1.00,1.88
2014.08.18 13:58:07.865,1.09917,1.09941,1.00,1.13
2014.08.18 13:58:08.379,1.09917,1.0994,1.00,1.00
2014.08.18 13:58:08.946,1.09917,1.09941,1.00,1.88
2014.08.18 13:58:09.559,1.09917,1.0994,1.00,1.00
2014.08.18 13:58:10.126,1.09917,1.09941,1.00,1.88
2014.08.18 13:58:10.643,1.09917,1.0994,1.00,1.00
2014.08.18 13:58:11.798,1.09917,1.09941,1.00,1.88
2014.08.18 13:58:12.340,1.09917,1.0994,1.00,1.00
2014.08.18 13:58:15.110,1.09917,1.09941,1.00,1.88
2014.08.18 13:58:15.913,1.09917,1.0994,1.00,1.00
2014.08.18 13:58:16.440,1.09916,1.0994,1.00,1.00
2014.08.18 13:58:17.305,1.09916,1.09941,1.00,1.88
2014.08.18 13:58:18.886,1.09917,1.09941,1.00,1.88
2014.08.18 13:58:19.422,1.09917,1.0994,1.00,1.00
2014.08.18 13:58:19.923,1.09917,1.09941,1.00,1.88
2014.08.18 13:58:20.675,1.09919,1.09941,1.00,1.50
2014.08.18 13:58:22.849,1.09918,1.09941,1.00,1.50
2014.08.18 13:58:23.593,1.09917,1.09941,1.00,2.25
2014.08.18 13:58:24.145,1.09916,1.09941,1.00,1.50
2014.08.18 13:58:25.840,1.09915,1.09938,1.50,1.00
2014.08.18 13:58:26.603,1.09917,1.09938,1.00,1.00
2014.08.18 13:58:26.704,1.09917,1.09941,1.00,1.00
2014.08.18 13:58:26.907,1.09916,1.09939,1.50,1.00
2014.08.18 13:58:27.421,1.09916,1.09938,1.50,1.00
2014.08.18 13:58:28.229,1.09916,1.09939,1.50,1.50
2014.08.18 13:58:28.741,1.09916,1.09938,1.00,1.00
2014.08.18 13:58:29.383,1.09915,1.09937,1.00,1.00
2014.08.18 13:58:33.835,1.09916,1.09937,1.00,1.00
2014.08.18 13:58:34.401,1.09915,1.09937,1.00,1.00
2014.08.18 13:58:35.395,1.09916,1.09937,1.00,1.00
2014.08.18 13:58:36.833,1.09914,1.09937,1.00,1.00
2014.08.18 13:58:37.879,1.09914,1.09936,1.00,1.00
2014.08.18 13:58:38.449,1.09913,1.09936,1.00,1.00
2014.08.18 13:58:38.967,1.09913,1.09935,1.00,1.00
2014.08.18 13:58:39.018,1.09913,1.09937,1.00,1.00
2014.08.18 13:58:39.224,1.09914,1.09935,1.00,1.00
2014.08.18 13:58:39.377,1.09912,1.09935,1.00,1.00
2014.08.18 13:58:43.014,1.09912,1.09931,1.00,1.00
2014.08.18 13:58:43.823,1.09912,1.09932,1.00,1.00
2014.08.18 13:58:44.597,1.09912,1.09933,1.00,1.00
2014.08.18 13:58:45.137,1.09912,1.09934,1.00,1.00
2014.08.18 13:58:46.893,1.09913,1.09934,1.00,1.00
2014.08.18 13:58:47.146,1.09914,1.09937,1.00,1.50
2014.08.18 13:58:47.339,1.09917,1.09936,1.00,1.00
2014.08.18 13:58:47.542,1.09916,1.09939,1.00,1.00
2014.08.18 13:58:49.638,1.09918,1.09939,1.00,1.00
2014.08.18 13:58:51.763,1.09918,1.09939,1.00,1.38
2014.08.18 13:58:52.297,1.09918,1.09939,1.00,1.00
2014.08.18 13:58:52.623,1.09918,1.09937,1.00,1.00
2014.08.18 13:58:54.601,1.09914,1.09937,2.33,1.00
2014.08.18 13:58:55.199,1.09915,1.09937,1.00,1.00
2014.08.18 13:58:55.732,1.09914,1.09937,1.58,1.00
2014.08.18 13:58:58.081,1.09916,1.09939,1.00,1.00
2014.08.18 13:58:59.395,1.09914,1.09937,1.10,1.00
2014.08.18 13:59:00.911,1.09916,1.09939,1.00,1.00
2014.08.18 13:59:01.997,1.09918,1.09941,1.18,1.00
2014.08.18 13:59:02.300,1.09925,1.09947,1.00,1.38
2014.08.18 13:59:02.604,1.09926,1.0994,1.00,1.00
2014.08.18 13:59:02.756,1.09926,1.09945,1.10,1.00
2014.08.18 13:59:03.272,1.09926,1.09948,1.10,1.38
2014.08.18 13:59:03.326,1.09926,1.09948,1.10,1.13
2014.08.18 13:59:03.858,1.09926,1.09949,1.10,1.00
2014.08.18 13:59:04.947,1.09928,1.09946,1.00,1.00
2014.08.18 13:59:05.356,1.09933,1.09946,1.00,1.00
2014.08.18 13:59:05.458,1.09933,1.09952,1.00,1.00
2014.08.18 13:59:05.612,1.09938,1.09953,1.00,1.00
2014.08.18 13:59:05.764,1.09938,1.09956,1.00,1.00
2014.08.18 13:59:05.815,1.09941,1.09956,1.00,1.00
2014.08.18 13:59:06.909,1.0994,1.09956,1.00,1.00
2014.08.18 13:59:07.314,1.09939,1.09962,1.18,1.00
2014.08.18 13:59:07.365,1.09943,1.09962,1.00,1.00
2014.08.18 13:59:07.791,1.0994,1.09962,1.10,1.00
2014.08.18 13:59:08.305,1.0994,1.09964,1.10,1.00
2014.08.18 13:59:08.557,1.09943,1.09964,1.00,1.00
2014.08.18 13:59:08.709,1.09943,1.09966,1.50,1.00
2014.08.18 13:59:09.239,1.09944,1.09966,1.00,1.00
2014.08.18 13:59:09.863,1.09946,1.09966,1.00,1.00
2014.08.18 13:59:10.852,1.09946,1.09966,1.38,1.00
2014.08.18 13:59:10.903,1.09947,1.09972,1.13,1.00
2014.08.18 13:59:11.005,1.09949,1.09972,1.00,1.00
2014.08.18 13:59:11.309,1.0995,1.09972,1.15,1.00
2014.08.18 13:59:11.825,1.09952,1.09973,1.00,1.00
2014.08.18 13:59:11.978,1.0995,1.09973,1.00,1.00
2014.08.18 13:59:12.491,1.09949,1.09972,1.00,1.00
2014.08.18 13:59:12.695,1.09946,1.09971,1.50,1.00
2014.08.18 13:59:12.897,1.09946,1.09967,1.00,1.00
2014.08.18 13:59:13.848,1.09944,1.09967,1.50,1.00
2014.08.18 13:59:14.856,1.09946,1.09967,1.00,1.00
2014.08.18 13:59:16.380,1.09947,1.09967,1.50,1.00
2014.08.18 13:59:16.431,1.09949,1.09972,1.00,1.00
2014.08.18 13:59:16.685,1.09951,1.09972,1.00,1.00
2014.08.18 13:59:17.029,1.09954,1.09972,1.00,1.00
2014.08.18 13:59:17.080,1.09954,1.09974,1.08,1.00
2014.08.18 13:59:17.131,1.09959,1.09974,1.00,1.00
2014.08.18 13:59:17.183,1.09959,1.09976,1.00,1.00
2014.08.18 13:59:17.385,1.09954,1.09977,1.10,1.00
2014.08.18 13:59:17.537,1.09953,1.09973,1.00,1.00
2014.08.18 13:59:18.044,1.09954,1.09973,1.00,1.00
2014.08.18 13:59:18.348,1.09956,1.09973,1.00,1.00
2014.08.18 13:59:18.855,1.09956,1.09975,1.00,1.00
2014.08.18 13:59:19.361,1.09961,1.09975,1.00,1.00
2014.08.18 13:59:19.514,1.09961,1.09977,1.00,1.00
2014.08.18 13:59:19.716,1.09962,1.09983,1.00,1.00
2014.08.18 13:59:19.818,1.09962,1.09985,1.00,1.50
2014.08.18 13:59:19.919,1.09964,1.09985,1.00,2.25
2014.08.18 13:59:20.459,1.09964,1.09984,1.00,1.00
2014.08.18 13:59:20.560,1.09962,1.09984,1.00,1.00
2014.08.18 13:59:20.662,1.09964,1.09984,1.00,1.00
2014.08.18 13:59:20.864,1.09962,1.09984,1.13,1.00
2014.08.18 13:59:21.117,1.09957,1.09985,3.75,1.50
2014.08.18 13:59:21.168,1.09957,1.09984,1.88,1.00
2014.08.18 13:59:21.675,1.09957,1.09984,1.00,1.08
2014.08.18 13:59:22.196,1.09956,1.09982,1.05,1.65
2014.08.18 13:59:22.299,1.09964,1.09982,1.00,1.65
2014.08.18 13:59:22.656,1.09962,1.09982,1.00,1.00
2014.08.18 13:59:22.758,1.09962,1.09985,1.00,1.00
2014.08.18 13:59:23.113,1.09959,1.09983,1.00,1.00
2014.08.18 13:59:23.262,1.09955,1.09982,1.88,1.00
2014.08.18 13:59:23.567,1.09956,1.0998,1.30,1.00
2014.08.18 13:59:24.845,1.09958,1.0998,1.00,1.00
2014.08.18 13:59:25.335,1.09959,1.09985,1.88,2.33
2014.08.18 13:59:25.386,1.09966,1.09985,1.00,3.00
2014.08.18 13:59:25.487,1.09963,1.09987,1.38,1.00
2014.08.18 13:59:25.588,1.09966,1.09988,1.00,1.00
2014.08.18 13:59:25.690,1.09966,1.0999,1.45,1.00
2014.08.18 13:59:25.942,1.0996,1.09989,1.38,1.00
2014.08.18 13:59:25.993,1.09959,1.09987,1.88,1.00
2014.08.18 13:59:26.502,1.09962,1.09987,1.20,1.00
2014.08.18 13:59:26.807,1.09968,1.09987,1.00,1.00
2014.08.18 13:59:27.009,1.09968,1.09989,1.00,1.00
2014.08.18 13:59:27.161,1.09971,1.09989,1.00,1.00
2014.08.18 13:59:27.212,1.09971,1.09991,1.00,1.00
2014.08.18 13:59:28.037,1.09971,1.0999,1.00,1.50
2014.08.18 13:59:28.138,1.09964,1.0999,1.10,1.50
2014.08.18 13:59:28.189,1.09964,1.09985,1.00,1.00
2014.08.18 13:59:28.797,1.09965,1.09985,1.00,1.00
2014.08.18 13:59:29.101,1.09965,1.09987,1.00,3.00
2014.08.18 13:59:29.152,1.09962,1.09987,1.00,3.00
2014.08.18 13:59:29.680,1.09963,1.09987,1.00,1.00
2014.08.18 13:59:30.661,1.09964,1.09987,1.00,1.00
2014.08.18 13:59:31.168,1.09965,1.09987,1.00,1.00
2014.08.18 13:59:31.270,1.09965,1.09991,1.00,2.40
2014.08.18 13:59:31.776,1.09965,1.09991,1.00,1.10
2014.08.18 13:59:32.034,1.09965,1.09991,1.00,2.63
2014.08.18 13:59:32.684,1.09965,1.09991,1.00,1.38
2014.08.18 13:59:33.227,1.09965,1.09991,1.00,1.38
2014.08.18 13:59:33.379,1.09966,1.09993,1.00,2.63
2014.08.18 13:59:33.784,1.09968,1.09994,1.10,3.00
2014.08.18 13:59:34.088,1.09971,1.09994,1.10,2.25
2014.08.18 13:59:35.079,1.09969,1.09993,1.13,1.50
2014.08.18 13:59:35.609,1.0997,1.09993,1.00,2.25
2014.08.18 13:59:36.290,1.0997,1.09994,1.00,2.25
2014.08.18 13:59:36.584,1.09972,1.09993,1.00,1.50
2014.08.18 13:59:36.887,1.09974,1.09993,1.00,1.50
2014.08.18 13:59:37.191,1.09973,1.09993,1.00,1.08
2014.08.18 13:59:37.343,1.09973,1.09993,1.00,1.00
2014.08.18 13:59:37.394,1.09975,1.09993,1.00,1.50
2014.08.18 13:59:37.596,1.09973,1.09993,1.00,2.25
2014.08.18 13:59:37.849,1.09971,1.09993,1.00,1.50
2014.08.18 13:59:39.044,1.09968,1.09993,1.50,1.00
2014.08.18 13:59:39.715,1.09969,1.09993,1.00,1.00
2014.08.18 13:59:40.070,1.09969,1.09993,1.00,1.15
2014.08.18 13:59:40.273,1.09966,1.09993,1.88,3.15
2014.08.18 13:59:40.793,1.09966,1.09993,1.50,1.15
2014.08.18 13:59:45.509,1.09969,1.09991,1.00,1.20
2014.08.18 13:59:45.762,1.09966,1.09991,2.25,1.65
2014.08.18 13:59:45.863,1.09968,1.0999,1.00,1.00
2014.08.18 13:59:46.167,1.09968,1.09986,1.00,2.25
2014.08.18 13:59:46.279,1.09968,1.09988,1.00,2.25
2014.08.18 13:59:49.068,1.09972,1.09988,1.00,1.00
2014.08.18 13:59:49.119,1.09972,1.0999,1.00,1.00
2014.08.18 13:59:49.373,1.0997,1.09991,1.00,1.00
2014.08.18 13:59:49.525,1.0997,1.09989,1.00,1.00
2014.08.18 13:59:49.866,1.09972,1.09991,1.00,2.25
2014.08.18 13:59:50.169,1.0997,1.09991,1.00,1.32
2014.08.18 13:59:50.680,1.0997,1.09989,1.00,1.00
2014.08.18 13:59:52.115,1.09971,1.09989,1.00,1.00
2014.08.18 13:59:52.923,1.09967,1.09989,1.15,1.00
2014.08.18 13:59:54.272,1.09967,1.09989,1.00,1.00
2014.08.18 13:59:54.324,1.09967,1.09986,1.00,1.00
2014.08.18 13:59:54.679,1.09969,1.09986,1.00,1.00
2014.08.18 13:59:55.303,1.09971,1.09986,1.00,1.00
2014.08.18 13:59:55.405,1.09963,1.09983,1.00,1.00
2014.08.18 13:59:55.658,1.09966,1.09983,1.00,1.00
2014.08.18 13:59:55.861,1.09962,1.09981,1.00,1.00
2014.08.18 13:59:56.063,1.09964,1.09981,1.00,1.00
2014.08.18 13:59:58.611,1.09962,1.09981,1.00,1.00
2014.08.18 13:59:58.814,1.0996,1.09981,1.00,1.00
2014.08.18 13:59:59.379,1.09961,1.09981,1.00,1.00
2014.08.18 13:59:59.582,1.09963,1.09981,1.00,1.00
