2014.06.10 05:00:00.076,1.10062,1.10083,1.00,1.88
2014.06.10 05:00:00.844,1.10062,1.10081,1.00,1.00
2014.06.10 05:00:01.651,1.10062,1.10075,1.00,1.00
2014.06.10 05:00:01.702,1.10057,1.10075,1.05,1.00
2014.06.10 05:00:02.359,1.10053,1.10076,1.00,1.69
2014.06.10 05:00:02.544,1.10053,1.1007,1.00,1.00
2014.06.10 05:00:04.925,1.10053,1.10071,1.00,1.00
2014.06.10 05:00:05.886,1.10049,1.10071,1.00,1.00
2014.06.10 05:00:05.987,1.10049,1.1007,1.00,1.19
2014.06.10 05:00:06.976,1.10049,1.1007,1.00,1.19
2014.06.10 05:00:08.162,1.10049,1.10071,1.00,1.69
2014.06.10 05:00:10.686,1.10049,1.1007,1.00,1.25
2014.06.10 05:00:12.844,1.10049,1.10072,1.00,1.19
2014.06.10 05:00:13.212,1.10049,1.1007,1.00,1.19
2014.06.10 05:00:15.599,1.10049,1.1007,1.00,1.69
2014.06.10 05:00:23.605,1.10049,1.1007,1.00,1.69
2014.06.10 05:00:25.004,1.10049,1.1007,1.00,1.19
2014.06.10 05:00:26.245,1.10049,1.1007,1.00,1.69
2014.06.10 05:00:26.646,1.10049,1.10068,1.00,3.42
2014.06.10 05:00:26.697,1.10046,1.10066,1.88,1.17
2014.06.10 05:00:26.748,1.10043,1.10062,1.13,1.19
2014.06.10 05:00:27.051,1.10047,1.10062,1.00,1.19
2014.06.10 05:00:27.254,1.10047,1.10065,1.00,1.19
2014.06.10 05:00:30.229,1.10047,1.10066,1.00,1.19
2014.06.10 05:00:35.158,1.10047,1.10067,1.00,1.19
2014.06.10 05:00:36.283,1.10047,1.10066,1.00,1.69
2014.06.10 05:00:39.121,1.10047,1.10065,1.00,1.19
2014.06.10 05:00:41.796,1.10047,1.10066,1.00,1.19
2014.06.10 05:00:49.124,1.10047,1.10067,1.00,1.19
2014.06.10 05:00:51.674,1.10047,1.10069,1.00,1.32
2014.06.10 05:00:53.139,1.10048,1.10065,1.00,1.25
2014.06.10 05:01:05.102,1.10048,1.10066,1.00,1.25
2014.06.10 05:01:05.355,1.10048,1.10066,1.00,1.19
2014.06.10 05:01:05.507,1.10044,1.10066,1.00,1.19
2014.06.10 05:01:06.849,1.10044,1.10065,1.00,1.19
2014.06.10 05:01:11.668,1.10044,1.10065,1.00,1.19
2014.06.10 05:01:14.475,1.10044,1.10065,1.00,1.19
2014.06.10 05:01:18.084,1.10044,1.10065,1.00,1.25
2014.06.10 05:01:20.115,1.10044,1.10065,1.00,1.19
2014.06.10 05:01:21.137,1.10044,1.10065,1.00,1.00
2014.06.10 05:01:22.466,1.10044,1.10065,1.00,1.19
2014.06.10 05:01:23.783,1.10044,1.10065,1.00,1.25
2014.06.10 05:01:24.283,1.10047,1.10065,1.00,1.25
2014.06.10 05:01:24.789,1.10047,1.10066,1.00,1.00
2014.06.10 05:01:25.152,1.10047,1.1007,2.63,1.19
2014.06.10 05:01:26.885,1.10047,1.1007,1.00,1.19
2014.06.10 05:01:28.291,1.10047,1.1007,1.00,1.00
2014.06.10 05:01:37.745,1.10047,1.10071,2.63,1.19
2014.06.10 05:01:39.169,1.10047,1.10071,1.00,1.19
2014.06.10 05:01:43.735,1.10047,1.10065,1.00,1.25
2014.06.10 05:01:44.140,1.10047,1.10061,1.00,1.19
2014.06.10 05:01:44.443,1.10045,1.10061,1.50,1.19
2014.06.10 05:01:45.269,1.10045,1.10061,1.50,1.25
2014.06.10 05:01:46.238,1.10045,1.10061,1.50,1.19
2014.06.10 05:01:47.435,1.10045,1.10062,1.50,1.19
2014.06.10 05:01:49.841,1.10045,1.10061,1.50,1.19
2014.06.10 05:01:57.372,1.10045,1.10062,1.00,1.25
2014.06.10 05:01:59.898,1.10045,1.10061,1.00,1.19
2014.06.10 05:02:02.396,1.10045,1.10059,1.00,1.19
2014.06.10 05:02:06.678,1.10045,1.10057,1.00,1.25
2014.06.10 05:02:08.931,1.10045,1.10059,1.00,1.19
2014.06.10 05:02:09.892,1.10045,1.10059,1.05,1.25
2014.06.10 05:02:12.954,1.10045,1.10057,1.00,1.25
2014.06.10 05:02:13.055,1.10042,1.10057,2.63,1.25
2014.06.10 05:02:13.157,1.10042,1.10054,1.00,1.19
2014.06.10 05:02:13.258,1.1004,1.10054,1.00,1.19
2014.06.10 05:02:13.359,1.10044,1.10057,1.00,1.32
2014.06.10 05:02:13.664,1.10045,1.10059,1.00,1.19
2014.06.10 05:02:14.029,1.10044,1.10057,1.00,1.19
2014.06.10 05:02:15.055,1.10044,1.10058,1.00,1.25
2014.06.10 05:02:16.592,1.10044,1.10057,1.00,1.25
2014.06.10 05:02:18.104,1.10042,1.10058,1.88,1.19
2014.06.10 05:02:18.677,1.10041,1.10058,1.88,1.19
2014.06.10 05:02:19.337,1.10041,1.10057,1.88,1.19
2014.06.10 05:02:20.041,1.10042,1.10057,1.88,1.19
2014.06.10 05:02:20.555,1.10041,1.10056,1.88,1.19
2014.06.10 05:02:20.707,1.10039,1.10052,1.00,1.25
2014.06.10 05:02:21.253,1.10038,1.10052,1.00,1.25
2014.06.10 05:02:21.985,1.10038,1.10053,1.00,1.25
2014.06.10 05:02:24.609,1.10038,1.10051,1.00,1.25
2014.06.10 05:02:24.812,1.10036,1.10053,1.88,1.25
2014.06.10 05:02:24.916,1.10039,1.10053,1.00,1.25
2014.06.10 05:02:25.018,1.1004,1.10058,1.00,1.32
2014.06.10 05:02:25.120,1.1004,1.10054,1.00,1.25
2014.06.10 05:02:25.423,1.10035,1.10049,1.00,1.25
2014.06.10 05:02:26.049,1.10037,1.10049,1.88,1.25
2014.06.10 05:02:26.151,1.10037,1.10052,1.88,1.25
2014.06.10 05:02:26.659,1.10036,1.10052,1.88,1.25
2014.06.10 05:02:26.913,1.10039,1.10052,1.00,1.25
2014.06.10 05:02:27.117,1.10037,1.10052,1.88,1.25
2014.06.10 05:02:27.219,1.10035,1.10055,1.38,1.00
2014.06.10 05:02:27.321,1.10035,1.10058,1.88,1.25
2014.06.10 05:02:27.831,1.10035,1.10058,1.88,1.25
2014.06.10 05:02:28.365,1.10035,1.10058,1.38,1.25
2014.06.10 05:02:28.976,1.10035,1.10058,1.38,1.25
2014.06.10 05:02:29.637,1.10035,1.10058,1.38,1.19
2014.06.10 05:02:30.291,1.10035,1.10058,1.38,1.19
2014.06.10 05:02:30.959,1.10035,1.10058,1.38,1.19
2014.06.10 05:02:31.573,1.10035,1.10058,1.38,1.25
2014.06.10 05:02:32.483,1.10035,1.10058,1.38,1.25
2014.06.10 05:02:33.196,1.10035,1.10058,1.38,1.25
2014.06.10 05:02:34.309,1.10035,1.10058,1.88,1.25
2014.06.10 05:02:34.918,1.10035,1.10058,1.88,1.19
2014.06.10 05:02:35.337,1.10039,1.10058,1.00,1.19
2014.06.10 05:02:36.842,1.10039,1.10058,1.00,1.25
2014.06.10 05:02:40.074,1.10035,1.10058,1.38,1.25
2014.06.10 05:02:40.354,1.10035,1.10058,1.38,1.19
2014.06.10 05:02:40.664,1.1004,1.10058,1.00,1.19
2014.06.10 05:02:40.816,1.1004,1.10058,1.00,1.25
2014.06.10 05:02:41.117,1.10039,1.10061,1.25,1.00
2014.06.10 05:02:42.398,1.10039,1.10061,1.34,1.00
2014.06.10 05:02:42.499,1.10042,1.10065,1.37,1.00
2014.06.10 05:02:42.752,1.10046,1.10069,1.00,1.69
2014.06.10 05:02:43.075,1.10049,1.1007,1.50,1.19
2014.06.10 05:02:43.894,1.10049,1.10072,1.50,1.19
2014.06.10 05:02:49.437,1.10049,1.10072,1.05,1.19
2014.06.10 05:02:50.594,1.10049,1.10072,1.00,1.19
2014.06.10 05:02:51.930,1.10049,1.10072,1.00,1.69
2014.06.10 05:02:54.070,1.10049,1.10072,1.00,1.69
2014.06.10 05:02:55.574,1.10049,1.10072,1.00,1.69
2014.06.10 05:02:57.679,1.10049,1.10072,1.00,1.69
2014.06.10 05:02:59.286,1.10049,1.10072,1.00,1.69
2014.06.10 05:03:00.322,1.10049,1.10072,1.00,1.19
2014.06.10 05:03:01.296,1.10049,1.10062,1.00,1.25
2014.06.10 05:03:01.347,1.10046,1.10062,1.00,1.25
2014.06.10 05:03:01.448,1.10046,1.10069,1.00,1.25
2014.06.10 05:03:09.404,1.10046,1.10069,1.38,1.00
2014.06.10 05:03:10.566,1.10049,1.10069,1.00,1.00
2014.06.10 05:03:11.414,1.10046,1.10069,1.57,1.00
2014.06.10 05:03:11.938,1.10046,1.10069,1.00,1.25
2014.06.10 05:03:13.155,1.10046,1.10069,1.00,1.69
2014.06.10 05:03:13.611,1.10042,1.10067,1.00,1.19
2014.06.10 05:03:13.966,1.10042,1.10065,1.00,1.19
2014.06.10 05:03:14.526,1.1004,1.10063,1.00,1.19
2014.06.10 05:03:22.136,1.1004,1.10063,1.00,1.25
2014.06.10 05:03:23.267,1.1004,1.10063,1.00,1.19
2014.06.10 05:03:24.251,1.1004,1.10063,1.00,1.25
2014.06.10 05:03:27.359,1.1004,1.10063,1.00,1.19
2014.06.10 05:03:28.852,1.1004,1.10063,1.00,1.25
2014.06.10 05:03:32.046,1.10043,1.10066,1.00,1.19
2014.06.10 05:03:32.572,1.10043,1.10066,1.00,1.25
2014.06.10 05:03:33.298,1.10043,1.10066,1.00,1.19
2014.06.10 05:03:34.667,1.10043,1.10066,1.00,1.69
2014.06.10 05:03:40.119,1.10043,1.10066,1.00,1.25
2014.06.10 05:03:42.000,1.10043,1.10065,1.00,1.19
2014.06.10 05:03:42.891,1.10043,1.10066,1.00,1.69
2014.06.10 05:03:45.860,1.10043,1.10066,1.00,1.25
2014.06.10 05:03:47.367,1.10043,1.10066,1.00,1.19
2014.06.10 05:03:48.799,1.10043,1.10066,1.00,1.25
2014.06.10 05:03:59.559,1.10044,1.10066,1.00,1.25
2014.06.10 05:03:59.863,1.10046,1.10068,1.00,1.19
2014.06.10 05:04:00.369,1.10046,1.10068,1.38,1.19
2014.06.10 05:04:00.420,1.10046,1.10069,1.38,1.25
2014.06.10 05:04:00.879,1.10049,1.10069,1.00,1.25
2014.06.10 05:04:01.460,1.10049,1.10072,1.00,1.19
2014.06.10 05:04:01.928,1.10051,1.10072,1.00,1.19
2014.06.10 05:04:05.642,1.10051,1.1007,1.00,1.19
2014.06.10 05:04:07.436,1.10051,1.10073,1.00,1.32
2014.06.10 05:04:08.259,1.10051,1.10073,1.30,1.19
2014.06.10 05:04:09.164,1.10051,1.10073,1.30,1.19
2014.06.10 05:04:10.299,1.10051,1.10073,1.30,1.19
2014.06.10 05:04:10.516,1.10051,1.10073,1.00,1.19
2014.06.10 05:04:10.668,1.10051,1.1007,1.00,1.19
2014.06.10 05:04:10.870,1.10049,1.1007,1.00,1.19
2014.06.10 05:04:14.744,1.10049,1.1007,1.00,1.19
2014.06.10 05:04:15.847,1.10049,1.10071,1.00,1.19
2014.06.10 05:04:16.997,1.10049,1.1007,1.05,1.19
2014.06.10 05:04:18.162,1.10049,1.1007,1.00,1.19
2014.06.10 05:04:20.772,1.10049,1.10071,1.00,1.19
2014.06.10 05:04:21.339,1.1005,1.10071,1.00,1.19
2014.06.10 05:04:22.667,1.1005,1.10069,1.00,1.19
2014.06.10 05:04:24.073,1.1005,1.10071,1.00,1.19
2014.06.10 05:04:24.639,1.10049,1.10071,1.00,1.19
2014.06.10 05:04:29.392,1.10049,1.10065,1.50,1.25
2014.06.10 05:04:30.162,1.10047,1.10065,2.18,1.25
2014.06.10 05:04:30.212,1.10046,1.10065,2.93,1.25
2014.06.10 05:04:30.678,1.10049,1.10064,1.00,1.25
2014.06.10 05:04:33.771,1.10049,1.10065,1.00,1.25
2014.06.10 05:04:37.083,1.10049,1.10064,1.00,1.25
2014.06.10 05:04:38.302,1.10047,1.10064,1.88,1.25
2014.06.10 05:04:38.572,1.10047,1.10064,2.18,1.25
2014.06.10 05:04:38.673,1.10047,1.10064,1.88,1.25
2014.06.10 05:04:39.212,1.10046,1.10065,2.63,1.19
2014.06.10 05:04:39.313,1.10047,1.10065,2.18,1.19
2014.06.10 05:04:40.288,1.10046,1.10065,2.93,1.19
2014.06.10 05:04:40.641,1.10049,1.10068,1.00,1.25
2014.06.10 05:04:40.692,1.10049,1.10068,1.30,1.25
2014.06.10 05:04:40.844,1.10049,1.10068,1.00,1.25
2014.06.10 05:04:42.317,1.10049,1.10068,1.30,1.25
2014.06.10 05:04:42.857,1.10049,1.10068,1.00,1.25
2014.06.10 05:04:44.924,1.10049,1.10067,1.00,1.25
2014.06.10 05:04:46.094,1.10049,1.10065,1.00,1.25
2014.06.10 05:04:46.426,1.10047,1.10065,1.88,1.25
2014.06.10 05:04:46.983,1.10046,1.10065,2.63,1.25
2014.06.10 05:04:47.596,1.10047,1.10064,1.88,1.25
2014.06.10 05:04:47.647,1.1005,1.10064,1.00,1.25
2014.06.10 05:04:47.817,1.10046,1.10064,2.63,1.25
2014.06.10 05:04:48.084,1.1005,1.10064,1.00,1.25
2014.06.10 05:04:48.617,1.10047,1.10064,1.88,1.25
2014.06.10 05:04:48.819,1.1005,1.10064,1.00,1.25
2014.06.10 05:04:50.600,1.1005,1.10062,1.00,1.25
2014.06.10 05:04:50.803,1.10042,1.10059,2.93,1.19
2014.06.10 05:04:51.005,1.1004,1.10059,1.00,1.19
2014.06.10 05:04:51.309,1.1004,1.10055,1.00,1.25
2014.06.10 05:04:51.613,1.10039,1.10052,1.00,1.25
2014.06.10 05:04:51.917,1.1004,1.10051,1.00,1.19
2014.06.10 05:04:52.119,1.10037,1.10051,1.88,1.19
2014.06.10 05:04:52.220,1.10035,1.10051,1.00,1.19
2014.06.10 05:04:52.372,1.10039,1.10051,1.00,1.19
2014.06.10 05:04:52.919,1.10039,1.10051,1.00,1.25
2014.06.10 05:04:55.303,1.1004,1.10052,1.00,1.19
2014.06.10 05:04:55.659,1.10039,1.10053,1.00,1.69
2014.06.10 05:04:56.190,1.1004,1.10053,1.00,1.25
2014.06.10 05:04:56.711,1.1004,1.10055,1.00,1.19
2014.06.10 05:05:00.138,1.1004,1.10056,1.00,1.69
2014.06.10 05:05:01.114,1.10044,1.10056,1.00,1.19
2014.06.10 05:05:01.165,1.10044,1.10057,1.00,1.25
2014.06.10 05:05:01.322,1.1004,1.10057,1.13,1.25
2014.06.10 05:05:03.025,1.1004,1.10057,1.13,1.19
2014.06.10 05:05:04.893,1.1004,1.10057,1.43,1.19
2014.06.10 05:05:05.479,1.1004,1.10057,1.13,1.19
2014.06.10 05:05:06.302,1.1004,1.10057,1.43,1.19
2014.06.10 05:05:07.948,1.1004,1.10056,1.00,1.25
2014.06.10 05:05:08.473,1.1004,1.10056,1.30,1.25
2014.06.10 05:05:09.112,1.1004,1.10058,1.30,1.19
2014.06.10 05:05:09.771,1.1004,1.10058,1.00,1.19
2014.06.10 05:05:11.085,1.1004,1.10058,1.30,1.19
2014.06.10 05:05:11.449,1.10044,1.10057,1.00,1.19
2014.06.10 05:05:11.651,1.10039,1.10057,1.43,1.19
2014.06.10 05:05:12.059,1.10039,1.10059,1.43,1.69
2014.06.10 05:05:12.160,1.10039,1.10059,1.68,1.69
2014.06.10 05:05:12.262,1.10039,1.10059,2.18,1.25
2014.06.10 05:05:12.363,1.10039,1.10059,2.18,1.25
2014.06.10 05:05:12.680,1.10039,1.10059,2.18,1.25
2014.06.10 05:05:13.215,1.10039,1.10059,2.18,1.25
2014.06.10 05:05:13.467,1.10039,1.10059,2.18,1.25
2014.06.10 05:05:15.102,1.10039,1.10059,2.18,1.25
2014.06.10 05:05:15.712,1.10039,1.10059,2.18,1.25
2014.06.10 05:05:16.124,1.10039,1.10059,2.63,1.25
2014.06.10 05:05:17.779,1.10039,1.1006,2.18,1.25
2014.06.10 05:05:18.345,1.10039,1.1006,2.18,1.25
2014.06.10 05:05:18.547,1.10039,1.1006,2.18,1.25
2014.06.10 05:05:19.887,1.10039,1.10059,2.18,1.25
2014.06.10 05:05:20.932,1.1004,1.10059,1.88,1.25
2014.06.10 05:05:21.437,1.1004,1.10059,1.68,1.25
2014.06.10 05:05:21.538,1.1004,1.10059,1.43,1.25
2014.06.10 05:05:21.640,1.1004,1.10059,1.30,1.25
2014.06.10 05:05:21.741,1.1004,1.10056,1.00,1.19
2014.06.10 05:05:22.296,1.1004,1.10056,1.30,1.19
2014.06.10 05:05:23.023,1.1004,1.10056,1.30,1.25
2014.06.10 05:05:23.175,1.10039,1.10056,1.88,1.25
2014.06.10 05:05:23.277,1.10039,1.10056,2.18,1.25
2014.06.10 05:05:23.479,1.1004,1.10056,1.00,1.25
2014.06.10 05:05:24.972,1.1004,1.10057,1.30,1.19
2014.06.10 05:05:25.124,1.1004,1.10058,1.30,1.25
2014.06.10 05:05:25.175,1.1004,1.10058,1.05,1.25
2014.06.10 05:05:25.730,1.1004,1.10055,1.00,1.25
2014.06.10 05:05:26.724,1.1004,1.10056,1.05,1.25
2014.06.10 05:05:27.045,1.1004,1.10056,1.30,1.25
2014.06.10 05:05:27.379,1.1004,1.10056,1.30,1.25
2014.06.10 05:05:27.430,1.1004,1.10056,1.00,1.25
2014.06.10 05:05:28.401,1.1004,1.10056,1.30,1.25
2014.06.10 05:05:28.913,1.1004,1.10058,1.30,1.19
2014.06.10 05:05:29.441,1.1004,1.10058,1.00,1.19
2014.06.10 05:05:30.117,1.10039,1.10059,1.00,1.25
2014.06.10 05:05:31.258,1.10039,1.10059,1.30,1.25
2014.06.10 05:05:31.360,1.10045,1.1006,1.00,1.25
2014.06.10 05:05:31.965,1.10044,1.10061,1.30,1.19
2014.06.10 05:05:32.066,1.10044,1.10061,1.00,1.19
2014.06.10 05:05:32.575,1.10045,1.10061,1.00,1.19
2014.06.10 05:05:32.676,1.10045,1.10062,1.00,1.25
2014.06.10 05:05:32.852,1.1005,1.10062,1.00,1.25
2014.06.10 05:05:33.112,1.10045,1.10062,1.00,1.25
2014.06.10 05:05:33.163,1.10045,1.10066,1.00,1.19
2014.06.10 05:05:33.214,1.1005,1.10066,1.00,1.19
2014.06.10 05:05:35.149,1.1005,1.10067,1.00,1.00
2014.06.10 05:05:35.625,1.10045,1.10062,1.30,1.25
2014.06.10 05:05:35.828,1.10044,1.10062,1.00,1.25
2014.06.10 05:05:36.335,1.10045,1.10062,1.00,1.25
2014.06.10 05:05:38.375,1.10045,1.10062,1.30,1.25
2014.06.10 05:05:38.500,1.10041,1.10062,1.05,1.25
2014.06.10 05:05:38.867,1.10041,1.10061,1.05,1.19
2014.06.10 05:05:39.380,1.10041,1.10061,1.43,1.19
2014.06.10 05:05:39.836,1.10041,1.10061,1.43,1.19
2014.06.10 05:05:40.400,1.10044,1.10059,1.00,1.25
2014.06.10 05:05:41.034,1.10044,1.1006,1.00,1.25
2014.06.10 05:05:44.345,1.10044,1.1006,1.00,1.19
2014.06.10 05:05:45.478,1.10044,1.1006,1.00,1.25
2014.06.10 05:05:45.884,1.1005,1.10063,1.00,1.32
2014.06.10 05:05:46.191,1.1005,1.1006,1.00,1.19
2014.06.10 05:05:46.574,1.10045,1.1006,1.05,1.19
2014.06.10 05:05:47.291,1.10045,1.10061,1.00,1.25
2014.06.10 05:05:47.991,1.10045,1.10061,1.30,1.25
2014.06.10 05:05:48.498,1.10045,1.10062,1.00,1.25
2014.06.10 05:05:48.898,1.1005,1.10062,1.00,1.25
2014.06.10 05:05:49.867,1.1005,1.1006,1.00,1.19
2014.06.10 05:05:49.969,1.1005,1.10064,1.00,1.13
2014.06.10 05:05:50.070,1.1005,1.10061,1.00,1.19
2014.06.10 05:05:52.177,1.1005,1.10059,1.00,1.25
2014.06.10 05:05:54.683,1.1005,1.1006,1.00,1.25
2014.06.10 05:05:56.832,1.1005,1.10059,1.00,1.25
2014.06.10 05:05:56.933,1.10045,1.10059,1.00,1.25
2014.06.10 05:05:58.032,1.10045,1.10059,1.30,1.25
2014.06.10 05:05:58.134,1.10045,1.10059,1.00,1.25
2014.06.10 05:06:00.816,1.10045,1.10061,1.00,1.19
2014.06.10 05:06:02.102,1.10045,1.10059,1.00,1.25
2014.06.10 05:06:02.306,1.10045,1.10056,1.00,1.25
2014.06.10 05:06:02.407,1.10041,1.10056,1.30,1.25
2014.06.10 05:06:02.660,1.10044,1.10056,1.00,1.25
2014.06.10 05:06:03.213,1.10044,1.10059,1.00,1.19
2014.06.10 05:06:05.198,1.10044,1.10059,1.30,1.19
2014.06.10 05:06:05.911,1.10044,1.10059,1.30,1.25
2014.06.10 05:06:06.405,1.10044,1.10059,1.00,1.25
2014.06.10 05:06:06.621,1.10041,1.10059,1.30,1.25
2014.06.10 05:06:06.672,1.10041,1.10058,1.30,1.19
2014.06.10 05:06:07.199,1.10039,1.10058,1.43,1.19
2014.06.10 05:06:07.453,1.10039,1.10058,1.13,1.19
2014.06.10 05:06:07.745,1.10039,1.10055,1.43,1.25
2014.06.10 05:06:08.421,1.10039,1.10055,1.43,1.25
2014.06.10 05:06:09.346,1.10039,1.10055,1.43,1.25
2014.06.10 05:06:09.447,1.10039,1.10055,1.13,1.25
2014.06.10 05:06:10.534,1.10039,1.10055,1.43,1.25
2014.06.10 05:06:11.253,1.1004,1.10056,1.30,1.19
2014.06.10 05:06:11.962,1.1004,1.10055,1.00,1.25
2014.06.10 05:06:12.653,1.1004,1.10055,1.30,1.25
2014.06.10 05:06:13.159,1.1004,1.10055,1.00,1.25
2014.06.10 05:06:13.719,1.1004,1.10055,1.00,1.19
2014.06.10 05:06:17.033,1.1004,1.10056,1.00,1.25
2014.06.10 05:06:18.193,1.1004,1.10056,1.30,1.25
2014.06.10 05:06:18.395,1.1004,1.10056,1.00,1.25
2014.06.10 05:06:18.598,1.1005,1.10056,1.00,1.25
2014.06.10 05:06:18.648,1.1005,1.10059,1.00,1.19
2014.06.10 05:06:19.996,1.10045,1.10058,1.00,1.25
2014.06.10 05:06:21.148,1.10045,1.10059,1.00,1.25
2014.06.10 05:06:22.203,1.10045,1.10059,1.30,1.25
2014.06.10 05:06:22.254,1.10045,1.10059,1.00,1.25
2014.06.10 05:06:22.305,1.1005,1.10059,1.00,1.25
2014.06.10 05:06:23.503,1.1005,1.10062,1.00,1.19
2014.06.10 05:06:27.121,1.1005,1.10058,1.00,1.25
2014.06.10 05:06:27.172,1.10045,1.10058,1.00,1.25
2014.06.10 05:06:27.223,1.10045,1.10054,1.00,1.25
2014.06.10 05:06:27.375,1.10039,1.10054,1.00,1.25
2014.06.10 05:06:27.629,1.10045,1.10054,1.00,1.25
2014.06.10 05:06:27.831,1.1004,1.10054,1.00,1.25
2014.06.10 05:06:27.933,1.10045,1.10054,1.00,1.25
2014.06.10 05:06:28.447,1.10044,1.10054,1.00,1.25
2014.06.10 05:06:28.548,1.10044,1.10057,1.00,1.69
2014.06.10 05:06:30.751,1.10044,1.10055,1.00,1.25
2014.06.10 05:06:33.676,1.10044,1.10054,1.00,1.25
2014.06.10 05:06:35.566,1.10044,1.10056,1.00,1.25
2014.06.10 05:06:37.095,1.10044,1.10054,1.00,1.25
2014.06.10 05:06:38.218,1.10044,1.10054,1.00,1.19
2014.06.10 05:06:38.780,1.10045,1.10054,1.00,1.19
2014.06.10 05:06:39.188,1.10045,1.10056,1.00,1.25
2014.06.10 05:06:41.012,1.10045,1.10061,1.00,1.00
2014.06.10 05:06:41.521,1.10045,1.10064,1.00,1.19
2014.06.10 05:06:42.032,1.10044,1.10064,1.00,1.19
2014.06.10 05:06:42.631,1.10044,1.10064,1.00,1.25
2014.06.10 05:06:43.370,1.10045,1.10064,1.00,1.25
2014.06.10 05:06:43.631,1.10041,1.10064,1.05,1.19
2014.06.10 05:06:44.181,1.10045,1.10064,1.00,1.19
2014.06.10 05:06:44.232,1.10045,1.10064,1.00,1.25
2014.06.10 05:06:44.737,1.10041,1.10064,1.00,1.25
2014.06.10 05:06:45.750,1.10041,1.10064,1.00,1.19
2014.06.10 05:06:49.632,1.10041,1.10064,1.00,1.00
2014.06.10 05:06:49.683,1.1005,1.10064,1.00,1.00
2014.06.10 05:06:49.733,1.1005,1.10068,1.00,1.27
2014.06.10 05:06:49.835,1.1005,1.10068,1.00,1.00
2014.06.10 05:06:49.885,1.10055,1.10068,1.00,1.00
2014.06.10 05:06:53.607,1.10049,1.10068,1.00,1.00
2014.06.10 05:06:56.131,1.10049,1.10068,1.00,1.19
2014.06.10 05:06:57.217,1.10049,1.10068,1.00,1.19
2014.06.10 05:07:03.052,1.10049,1.10068,1.00,2.82
2014.06.10 05:07:06.862,1.10049,1.10068,1.00,1.19
2014.06.10 05:07:07.566,1.10049,1.10068,1.00,3.57
2014.06.10 05:07:07.617,1.10044,1.10068,1.00,3.57
2014.06.10 05:07:07.971,1.10039,1.10062,1.80,1.00
2014.06.10 05:07:08.502,1.10039,1.10062,1.50,1.00
2014.06.10 05:07:08.918,1.10039,1.10062,1.80,1.25
2014.06.10 05:07:09.019,1.10039,1.10062,1.50,1.25
2014.06.10 05:07:09.639,1.10041,1.10065,1.25,1.00
2014.06.10 05:07:09.690,1.10044,1.10066,1.00,1.00
2014.06.10 05:07:10.195,1.10045,1.10066,1.00,1.00
2014.06.10 05:07:10.594,1.1005,1.10066,1.00,1.00
2014.06.10 05:07:10.746,1.1005,1.10069,1.00,1.00
2014.06.10 05:07:12.092,1.10054,1.10069,1.00,1.00
2014.06.10 05:07:12.452,1.10049,1.10069,1.00,1.00
2014.06.10 05:07:12.806,1.10049,1.10071,1.00,1.00
2014.06.10 05:07:12.858,1.10054,1.10071,1.00,1.00
2014.06.10 05:07:16.111,1.10059,1.10073,1.00,1.88
2014.06.10 05:07:16.213,1.10059,1.10078,1.00,3.38
2014.06.10 05:07:16.486,1.10054,1.10078,1.80,1.34
2014.06.10 05:07:16.637,1.1006,1.10074,1.00,1.00
2014.06.10 05:07:17.093,1.1005,1.10073,2.18,1.00
2014.06.10 05:07:17.194,1.10052,1.10076,1.05,1.25
2014.06.10 05:07:17.295,1.10054,1.10076,1.00,1.25
2014.06.10 05:07:17.599,1.10054,1.10076,1.00,1.19
2014.06.10 05:07:17.869,1.10051,1.10076,1.00,1.19
2014.06.10 05:07:18.409,1.10055,1.10076,1.00,1.00
2014.06.10 05:07:18.713,1.10055,1.10078,1.80,1.13
2014.06.10 05:07:18.764,1.10055,1.10078,2.25,1.20
2014.06.10 05:07:18.966,1.10052,1.10075,1.69,1.00
2014.06.10 05:07:19.282,1.10055,1.10075,1.00,1.00
2014.06.10 05:07:20.403,1.10052,1.10075,1.55,1.00
2014.06.10 05:07:20.454,1.10052,1.10073,1.25,1.88
2014.06.10 05:07:20.860,1.10052,1.10075,1.25,1.00
2014.06.10 05:07:21.206,1.10055,1.10075,1.00,1.00
2014.06.10 05:07:21.368,1.10052,1.10075,1.25,1.00
2014.06.10 05:07:21.573,1.10052,1.10073,1.00,1.88
2014.06.10 05:07:21.876,1.10049,1.10068,1.00,1.00
2014.06.10 05:07:21.977,1.1005,1.10072,1.00,1.25
2014.06.10 05:07:22.078,1.1005,1.10071,1.00,1.19
2014.06.10 05:07:22.179,1.1005,1.10072,1.00,1.25
2014.06.10 05:07:22.696,1.10049,1.10072,1.00,1.25
2014.06.10 05:07:23.370,1.1005,1.10072,1.00,1.00
2014.06.10 05:07:23.472,1.10049,1.10069,1.00,1.00
2014.06.10 05:07:24.164,1.10049,1.10068,1.00,1.00
2014.06.10 05:07:24.928,1.10049,1.10069,1.00,1.00
2014.06.10 05:07:25.523,1.10049,1.10068,1.00,1.00
2014.06.10 05:07:26.043,1.10049,1.10069,1.00,1.00
2014.06.10 05:07:26.727,1.10049,1.10072,1.00,1.32
2014.06.10 05:07:27.271,1.10049,1.10072,1.00,2.07
2014.06.10 05:07:28.196,1.10049,1.10072,1.00,1.32
2014.06.10 05:07:30.221,1.10049,1.10072,1.00,1.32
2014.06.10 05:07:34.261,1.10049,1.10072,1.00,1.32
2014.06.10 05:07:35.816,1.10049,1.10072,1.00,1.19
2014.06.10 05:07:37.123,1.10049,1.10072,1.00,1.25
2014.06.10 05:07:39.115,1.10049,1.10071,1.00,1.00
2014.06.10 05:07:39.539,1.10052,1.10075,1.00,2.44
2014.06.10 05:07:39.641,1.10052,1.10075,1.00,1.69
2014.06.10 05:07:42.115,1.10052,1.10075,1.00,2.07
2014.06.10 05:07:45.701,1.10048,1.10073,1.00,1.19
2014.06.10 05:07:46.662,1.10048,1.10073,1.00,1.57
2014.06.10 05:07:49.636,1.10048,1.10073,1.00,2.07
2014.06.10 05:07:50.684,1.10048,1.10073,1.00,2.07
2014.06.10 05:07:53.749,1.10048,1.10073,1.00,1.57
2014.06.10 05:08:02.940,1.10048,1.10073,1.00,1.57
2014.06.10 05:08:03.399,1.10048,1.10073,1.19,1.38
2014.06.10 05:08:03.703,1.10052,1.10075,1.19,1.00
2014.06.10 05:08:04.006,1.1005,1.10071,1.00,1.19
2014.06.10 05:08:04.511,1.10049,1.10071,1.00,1.19
2014.06.10 05:08:05.024,1.1005,1.10071,1.00,1.19
2014.06.10 05:08:05.532,1.10049,1.10071,1.00,1.19
2014.06.10 05:08:05.949,1.10049,1.1007,1.00,1.19
2014.06.10 05:08:10.829,1.1005,1.1007,1.00,1.19
2014.06.10 05:08:12.069,1.10046,1.10069,1.00,1.19
2014.06.10 05:08:12.583,1.10046,1.10069,1.00,1.00
2014.06.10 05:08:13.596,1.10046,1.10069,1.00,1.19
2014.06.10 05:08:14.614,1.10046,1.10069,1.00,1.00
2014.06.10 05:08:17.655,1.1005,1.10069,1.00,1.00
2014.06.10 05:08:17.808,1.10052,1.10077,1.24,1.00
2014.06.10 05:08:19.031,1.10052,1.10077,1.19,1.00
2014.06.10 05:08:20.320,1.10052,1.10077,1.24,1.00
2014.06.10 05:08:20.789,1.10052,1.10077,1.00,1.25
2014.06.10 05:08:21.295,1.10052,1.10076,1.05,1.05
2014.06.10 05:08:21.346,1.10052,1.10074,1.05,1.19
2014.06.10 05:08:21.671,1.1005,1.10071,1.00,1.19
2014.06.10 05:08:23.674,1.1005,1.1007,1.00,1.19
2014.06.10 05:08:23.978,1.1005,1.10073,1.05,1.00
2014.06.10 05:08:24.293,1.1005,1.10073,1.50,1.00
2014.06.10 05:08:25.201,1.1005,1.10073,1.25,1.00
2014.06.10 05:08:28.298,1.1005,1.10073,1.55,1.00
2014.06.10 05:08:28.882,1.1005,1.10073,1.25,1.00
2014.06.10 05:08:30.229,1.1005,1.10073,1.30,1.00
2014.06.10 05:08:30.620,1.1005,1.10072,1.00,1.19
2014.06.10 05:08:32.657,1.1005,1.10071,1.00,1.19
2014.06.10 05:08:33.087,1.10046,1.10071,2.93,1.69
2014.06.10 05:08:33.596,1.10047,1.10071,1.88,1.69
2014.06.10 05:08:34.162,1.10046,1.10071,2.93,1.69
2014.06.10 05:08:34.855,1.10047,1.10071,1.88,1.69
2014.06.10 05:08:36.539,1.10046,1.10071,2.63,1.69
2014.06.10 05:08:37.868,1.10046,1.1007,1.30,1.19
2014.06.10 05:08:38.469,1.10046,1.1007,2.63,1.19
2014.06.10 05:08:38.987,1.10047,1.1007,1.88,1.19
2014.06.10 05:08:39.504,1.10046,1.1007,1.00,1.19
2014.06.10 05:08:39.892,1.10046,1.10069,1.80,1.19
2014.06.10 05:08:40.959,1.10046,1.10069,1.50,1.19
2014.06.10 05:08:41.520,1.10047,1.10069,1.00,1.19
2014.06.10 05:08:42.064,1.10047,1.10069,1.00,1.19
2014.06.10 05:08:42.515,1.10046,1.10071,1.69,1.00
2014.06.10 05:08:44.088,1.10046,1.10071,3.68,1.00
2014.06.10 05:08:44.594,1.10047,1.10071,1.00,1.00
2014.06.10 05:08:45.154,1.10046,1.10071,1.00,1.00
2014.06.10 05:08:46.126,1.10046,1.10071,1.30,1.00
2014.06.10 05:08:46.662,1.10046,1.10071,1.00,1.00
2014.06.10 05:08:48.610,1.10046,1.10071,1.49,1.00
2014.06.10 05:08:49.676,1.10046,1.10071,1.25,1.00
2014.06.10 05:08:51.228,1.10046,1.10071,1.55,1.25
2014.06.10 05:08:52.217,1.10046,1.10071,1.25,1.25
2014.06.10 05:08:53.722,1.10046,1.10071,1.55,1.25
2014.06.10 05:08:54.239,1.10046,1.10071,1.25,1.25
2014.06.10 05:08:54.889,1.10046,1.10071,1.19,1.00
2014.06.10 05:09:01.808,1.1005,1.10071,1.00,1.00
2014.06.10 05:09:04.128,1.10049,1.10071,1.00,1.00
2014.06.10 05:09:19.638,1.1005,1.10071,1.25,1.00
2014.06.10 05:09:19.941,1.10046,1.10071,1.00,1.00
2014.06.10 05:09:20.961,1.10046,1.10071,1.00,1.19
2014.06.10 05:09:23.096,1.10046,1.10071,1.00,1.32
2014.06.10 05:09:26.566,1.10046,1.1007,1.00,1.19
2014.06.10 05:09:27.874,1.10046,1.1007,1.00,1.19
2014.06.10 05:09:28.227,1.10042,1.10067,1.25,1.00
2014.06.10 05:09:28.378,1.10042,1.10067,1.00,1.32
2014.06.10 05:09:28.891,1.10042,1.10063,1.00,1.88
2014.06.10 05:09:29.503,1.10042,1.10064,1.00,2.07
2014.06.10 05:09:30.392,1.10042,1.10063,1.00,1.88
2014.06.10 05:09:31.199,1.10042,1.10064,1.00,2.07
2014.06.10 05:09:33.046,1.10042,1.10066,1.00,1.19
2014.06.10 05:09:33.985,1.10042,1.10067,1.00,1.32
2014.06.10 05:09:34.339,1.10045,1.10067,1.00,1.25
2014.06.10 05:09:35.607,1.10047,1.10068,1.00,1.88
2014.06.10 05:09:36.110,1.10047,1.1007,1.00,1.57
2014.06.10 05:09:36.661,1.10047,1.1007,1.00,1.57
2014.06.10 05:09:37.664,1.10047,1.1007,1.00,1.57
2014.06.10 05:09:39.583,1.10047,1.1007,1.00,1.57
2014.06.10 05:09:41.078,1.10047,1.1007,1.00,1.57
2014.06.10 05:09:42.225,1.10047,1.1007,1.00,2.07
2014.06.10 05:09:49.833,1.10047,1.1007,1.00,2.82
2014.06.10 05:09:50.899,1.10047,1.1007,1.00,2.82
2014.06.10 05:09:51.885,1.10042,1.10067,2.63,1.19
2014.06.10 05:09:54.302,1.10042,1.10067,2.82,1.25
2014.06.10 05:10:00.528,1.10042,1.10067,1.00,1.19
2014.06.10 05:10:01.537,1.10042,1.10067,1.00,1.00
2014.06.10 05:10:01.867,1.10042,1.10065,1.00,1.00
2014.06.10 05:10:02.120,1.10038,1.10063,1.25,1.00
2014.06.10 05:10:02.473,1.10038,1.10062,1.00,1.19
2014.06.10 05:10:03.476,1.10038,1.10063,1.00,2.97
2014.06.10 05:10:04.489,1.10038,1.10063,1.00,1.19
2014.06.10 05:10:05.017,1.10038,1.10063,1.00,1.69
2014.06.10 05:10:06.541,1.10038,1.10063,1.00,1.47
2014.06.10 05:10:07.544,1.10038,1.10063,1.00,1.37
2014.06.10 05:10:07.595,1.1004,1.10063,1.00,1.37
2014.06.10 05:10:07.696,1.1004,1.10063,1.00,1.10
2014.06.10 05:10:08.235,1.10039,1.10063,1.25,1.00
2014.06.10 05:10:08.757,1.10039,1.10063,1.49,1.00
2014.06.10 05:10:11.297,1.10038,1.10063,1.24,1.00
2014.06.10 05:10:11.980,1.10038,1.10063,1.19,1.00
2014.06.10 05:10:12.135,1.10038,1.1006,1.19,1.00
2014.06.10 05:10:12.362,1.10038,1.10063,1.49,2.63
2014.06.10 05:10:12.514,1.10038,1.10063,1.19,1.00
2014.06.10 05:10:13.016,1.10038,1.10063,1.30,1.25
2014.06.10 05:10:13.521,1.10038,1.10063,1.00,2.82
2014.06.10 05:10:15.271,1.10038,1.10063,1.00,1.19
2014.06.10 05:10:15.686,1.10038,1.1006,1.00,1.00
2014.06.10 05:10:16.753,1.10034,1.10056,1.49,1.00
2014.06.10 05:10:17.148,1.10034,1.10056,1.19,1.00
2014.06.10 05:10:17.302,1.10033,1.10055,1.19,1.00
2014.06.10 05:10:17.810,1.10033,1.10056,1.00,1.00
2014.06.10 05:10:19.695,1.10037,1.10058,1.00,2.07
2014.06.10 05:10:20.115,1.10032,1.10055,1.24,1.00
2014.06.10 05:10:23.066,1.10032,1.10055,1.55,1.00
2014.06.10 05:10:23.421,1.10034,1.10055,1.19,1.00
2014.06.10 05:10:23.725,1.10034,1.10055,1.49,1.00
2014.06.10 05:10:24.255,1.10034,1.10055,1.49,1.00
2014.06.10 05:10:24.775,1.10033,1.10055,1.19,1.00
2014.06.10 05:10:27.197,1.10032,1.10055,1.99,1.00
2014.06.10 05:10:28.696,1.10032,1.10055,1.99,1.00
2014.06.10 05:10:29.204,1.10034,1.10055,1.19,1.00
2014.06.10 05:10:32.542,1.10034,1.10055,1.49,1.00
2014.06.10 05:10:32.627,1.10034,1.10055,1.49,1.00
2014.06.10 05:10:32.757,1.10034,1.10055,1.24,1.00
2014.06.10 05:10:32.831,1.10034,1.10055,1.49,1.00
2014.06.10 05:10:32.935,1.10034,1.10055,1.19,1.00
2014.06.10 05:10:34.083,1.10032,1.10055,2.37,1.00
2014.06.10 05:10:34.705,1.10032,1.10055,1.99,1.00
2014.06.10 05:10:35.646,1.10032,1.10055,1.99,1.00
2014.06.10 05:10:36.856,1.10034,1.10055,1.49,1.00
2014.06.10 05:10:36.988,1.10034,1.10055,1.19,1.00
2014.06.10 05:10:38.806,1.10033,1.10055,1.49,1.00
2014.06.10 05:10:38.861,1.10033,1.10055,1.19,1.00
2014.06.10 05:10:39.716,1.10033,1.10055,1.49,1.00
2014.06.10 05:10:39.867,1.10033,1.10055,1.49,1.00
2014.06.10 05:10:40.972,1.10033,1.10055,1.19,1.00
2014.06.10 05:10:41.736,1.10034,1.10055,1.19,1.00
2014.06.10 05:10:42.811,1.10034,1.10055,1.49,1.00
2014.06.10 05:10:42.912,1.10034,1.10055,1.19,1.00
2014.06.10 05:10:42.989,1.10034,1.10055,1.49,1.00
2014.06.10 05:10:43.142,1.10035,1.10059,1.99,1.88
2014.06.10 05:10:43.243,1.10035,1.10059,1.99,1.88
2014.06.10 05:10:43.344,1.10035,1.10058,1.99,1.88
2014.06.10 05:10:43.446,1.10035,1.10058,1.99,1.88
2014.06.10 05:10:43.497,1.10035,1.1006,1.99,1.00
2014.06.10 05:10:44.031,1.10035,1.1006,1.99,1.00
2014.06.10 05:10:44.209,1.10035,1.1006,1.99,1.00
2014.06.10 05:10:44.975,1.10035,1.10058,1.49,1.88
2014.06.10 05:10:45.146,1.10035,1.10058,1.19,1.88
2014.06.10 05:10:45.664,1.10035,1.10058,1.19,1.88
2014.06.10 05:10:46.603,1.10035,1.10058,1.24,1.88
2014.06.10 05:10:46.653,1.10035,1.10058,1.49,1.88
2014.06.10 05:10:46.965,1.10035,1.10058,1.49,1.88
2014.06.10 05:10:47.222,1.10035,1.10058,1.19,1.88
2014.06.10 05:10:48.029,1.10035,1.10059,1.19,1.88
2014.06.10 05:10:48.761,1.10035,1.10058,1.19,1.88
2014.06.10 05:10:49.309,1.10032,1.10055,2.07,1.00
2014.06.10 05:10:50.171,1.10033,1.10055,1.49,1.00
2014.06.10 05:10:50.627,1.10033,1.10055,1.49,1.00
2014.06.10 05:10:51.218,1.10032,1.10055,2.07,1.00
2014.06.10 05:10:51.269,1.10032,1.10055,2.07,1.00
2014.06.10 05:10:53.876,1.10032,1.10055,2.07,1.00
2014.06.10 05:10:54.886,1.10032,1.10055,1.59,1.00
2014.06.10 05:10:56.747,1.10032,1.10055,1.24,1.50
2014.06.10 05:10:58.662,1.10032,1.10055,1.49,1.00
2014.06.10 05:10:59.271,1.10032,1.10055,1.49,1.00
2014.06.10 05:11:00.557,1.10032,1.10055,1.49,1.00
2014.06.10 05:11:00.922,1.10032,1.10055,1.49,1.00
2014.06.10 05:11:02.543,1.10032,1.10055,1.49,1.00
2014.06.10 05:11:04.955,1.10032,1.10055,1.49,1.00
2014.06.10 05:11:06.195,1.10032,1.10055,1.49,1.00
2014.06.10 05:11:08.051,1.10032,1.10055,1.49,1.00
2014.06.10 05:11:08.680,1.10032,1.10055,1.49,1.00
2014.06.10 05:11:08.773,1.10032,1.10055,1.49,1.00
2014.06.10 05:11:08.897,1.10032,1.10055,1.49,1.00
2014.06.10 05:11:10.679,1.10032,1.10055,1.24,1.00
2014.06.10 05:11:12.213,1.10032,1.10055,1.49,1.00
2014.06.10 05:11:12.589,1.10032,1.10055,1.49,1.00
2014.06.10 05:11:13.190,1.10032,1.10055,1.49,1.00
2014.06.10 05:11:13.795,1.10032,1.10055,1.49,1.50
2014.06.10 05:11:13.947,1.10032,1.10054,1.24,1.88
2014.06.10 05:11:14.457,1.1003,1.10053,1.49,2.63
2014.06.10 05:11:14.938,1.10029,1.10053,1.19,2.63
2014.06.10 05:11:17.859,1.10029,1.10053,1.49,2.63
2014.06.10 05:11:18.723,1.10029,1.10053,1.49,2.63
2014.06.10 05:11:20.051,1.10028,1.10053,1.99,2.63
2014.06.10 05:11:20.978,1.10028,1.10053,1.99,2.63
2014.06.10 05:11:21.739,1.10028,1.10053,1.24,1.00
2014.06.10 05:11:22.363,1.10029,1.10053,1.19,2.63
2014.06.10 05:11:22.666,1.10029,1.10053,1.49,1.00
2014.06.10 05:11:22.775,1.10029,1.10053,1.49,1.00
2014.06.10 05:11:23.673,1.10029,1.10053,1.49,2.63
2014.06.10 05:11:24.358,1.10029,1.10053,1.19,2.63
2014.06.10 05:11:25.035,1.10028,1.10053,1.69,2.63
2014.06.10 05:11:28.716,1.10028,1.10053,1.99,2.63
2014.06.10 05:11:29.144,1.10029,1.10053,1.49,2.63
2014.06.10 05:11:29.657,1.10029,1.10053,1.49,2.63
2014.06.10 05:11:30.130,1.1003,1.10053,1.49,2.63
2014.06.10 05:11:30.650,1.1003,1.10053,1.49,1.00
2014.06.10 05:11:32.144,1.10031,1.10053,1.19,1.00
2014.06.10 05:11:35.504,1.10031,1.10053,1.49,1.00
2014.06.10 05:11:35.799,1.10031,1.10053,1.49,1.00
2014.06.10 05:11:36.771,1.10034,1.10053,1.49,1.00
2014.06.10 05:11:37.758,1.10034,1.10053,1.49,1.00
2014.06.10 05:11:38.668,1.10031,1.10053,1.24,1.00
2014.06.10 05:11:39.235,1.10032,1.10053,1.24,1.00
2014.06.10 05:11:42.307,1.1003,1.10053,1.49,1.00
2014.06.10 05:11:42.409,1.1003,1.10053,1.49,1.00
2014.06.10 05:11:42.825,1.1003,1.10053,1.99,1.00
2014.06.10 05:11:42.876,1.1003,1.10053,1.99,1.00
2014.06.10 05:11:43.434,1.1003,1.10053,1.49,1.00
2014.06.10 05:11:44.429,1.1003,1.10053,1.49,1.00
2014.06.10 05:11:45.471,1.1003,1.10053,1.19,1.00
2014.06.10 05:11:46.323,1.1003,1.10053,1.19,1.00
2014.06.10 05:11:47.628,1.1003,1.10053,1.19,1.00
2014.06.10 05:11:48.168,1.1003,1.10053,1.49,1.00
2014.06.10 05:11:48.744,1.1003,1.10053,1.49,1.00
2014.06.10 05:11:48.979,1.10029,1.10053,1.19,1.00
2014.06.10 05:11:50.953,1.10029,1.10053,1.49,1.00
2014.06.10 05:11:52.198,1.10029,1.10053,1.19,1.00
2014.06.10 05:11:52.867,1.10029,1.10053,1.49,1.00
2014.06.10 05:11:52.971,1.10029,1.10053,1.19,1.00
2014.06.10 05:11:53.224,1.10029,1.10053,1.49,1.00
2014.06.10 05:11:53.278,1.10029,1.10053,1.49,1.00
2014.06.10 05:11:53.430,1.10029,1.10053,1.49,1.00
2014.06.10 05:11:56.405,1.10028,1.10053,1.99,1.00
2014.06.10 05:11:58.708,1.10028,1.10053,1.99,1.00
2014.06.10 05:11:59.392,1.10028,1.10053,1.99,1.00
2014.06.10 05:11:59.954,1.10028,1.10053,1.99,1.00
2014.06.10 05:12:02.130,1.10028,1.10053,1.99,1.00
2014.06.10 05:12:02.742,1.10028,1.10053,2.07,1.00
2014.06.10 05:12:02.944,1.10028,1.10053,1.99,1.00
2014.06.10 05:12:03.073,1.10028,1.10053,1.99,1.00
2014.06.10 05:12:04.834,1.10031,1.10055,1.24,1.00
2014.06.10 05:12:04.987,1.10031,1.10056,1.49,1.00
2014.06.10 05:12:05.292,1.10031,1.10056,1.49,1.00
2014.06.10 05:12:06.209,1.10031,1.10056,1.49,1.50
2014.06.10 05:12:07.486,1.10031,1.10056,1.49,1.50
2014.06.10 05:12:07.835,1.10031,1.10056,1.49,1.00
2014.06.10 05:12:08.710,1.10031,1.10056,1.99,1.00
2014.06.10 05:12:09.298,1.10031,1.10056,1.99,1.00
2014.06.10 05:12:09.703,1.10031,1.10056,1.99,1.00
2014.06.10 05:12:10.297,1.10031,1.10056,1.99,1.00
2014.06.10 05:12:12.080,1.10031,1.10056,1.99,1.00
2014.06.10 05:12:12.716,1.10031,1.10056,1.99,1.00
2014.06.10 05:12:12.912,1.10031,1.10056,1.99,1.00
2014.06.10 05:12:13.045,1.10031,1.10056,1.99,1.00
2014.06.10 05:12:13.115,1.10031,1.10056,1.99,1.00
2014.06.10 05:12:13.215,1.10031,1.10056,1.99,1.00
2014.06.10 05:12:13.318,1.10031,1.10056,1.99,1.00
2014.06.10 05:12:13.421,1.10031,1.10056,1.99,1.00
2014.06.10 05:12:13.521,1.10031,1.10056,1.99,1.00
2014.06.10 05:12:13.946,1.10031,1.10056,1.99,1.00
2014.06.10 05:12:14.726,1.10031,1.10056,1.99,1.00
2014.06.10 05:12:15.308,1.10031,1.10056,1.99,1.00
2014.06.10 05:12:15.633,1.10031,1.10056,1.99,1.00
2014.06.10 05:12:16.402,1.10031,1.10056,1.99,1.00
2014.06.10 05:12:16.875,1.10031,1.10056,1.99,1.00
2014.06.10 05:12:17.803,1.10033,1.10056,1.19,1.00
2014.06.10 05:12:18.851,1.10033,1.10056,1.49,1.00
2014.06.10 05:12:20.258,1.10032,1.10056,1.19,1.00
2014.06.10 05:12:21.271,1.10032,1.10056,1.19,1.00
2014.06.10 05:12:21.809,1.10032,1.10055,1.49,1.00
2014.06.10 05:12:22.565,1.10032,1.10056,1.49,1.00
2014.06.10 05:12:22.721,1.10032,1.10056,1.49,1.00
2014.06.10 05:12:22.835,1.10032,1.10056,1.49,1.00
2014.06.10 05:12:22.896,1.10032,1.10056,1.49,1.00
2014.06.10 05:12:22.996,1.10032,1.10056,1.49,1.00
2014.06.10 05:12:23.097,1.10032,1.10056,1.49,1.00
2014.06.10 05:12:23.201,1.10032,1.10056,1.49,1.00
2014.06.10 05:12:23.301,1.10032,1.10056,1.49,1.00
2014.06.10 05:12:23.404,1.10032,1.10056,1.49,1.00
2014.06.10 05:12:25.258,1.10032,1.10056,1.49,1.00
2014.06.10 05:12:26.259,1.10032,1.10056,1.57,1.00
2014.06.10 05:12:26.310,1.10034,1.10058,1.57,1.88
2014.06.10 05:12:26.634,1.10041,1.10063,1.49,1.00
2014.06.10 05:12:26.894,1.10041,1.10063,1.49,2.63
2014.06.10 05:12:27.171,1.10042,1.10063,1.49,1.88
2014.06.10 05:12:27.584,1.10042,1.10063,1.62,1.88
2014.06.10 05:12:28.252,1.10045,1.10063,1.55,1.88
2014.06.10 05:12:28.662,1.10045,1.10064,1.55,1.88
2014.06.10 05:12:29.205,1.10045,1.10064,1.49,1.88
2014.06.10 05:12:29.256,1.10045,1.10063,1.19,1.88
2014.06.10 05:12:30.259,1.10045,1.10064,1.49,1.88
2014.06.10 05:12:30.974,1.10045,1.10063,1.49,1.88
2014.06.10 05:12:31.099,1.10045,1.10063,1.49,1.88
2014.06.10 05:12:31.364,1.10042,1.10063,1.69,1.88
2014.06.10 05:12:31.416,1.10042,1.10063,1.25,1.88
2014.06.10 05:12:31.814,1.10042,1.10063,1.55,1.88
2014.06.10 05:12:32.206,1.10044,1.10067,1.49,1.00
2014.06.10 05:12:32.409,1.10046,1.10069,1.00,3.38
2014.06.10 05:12:32.560,1.10043,1.10066,1.49,1.00
2014.06.10 05:12:33.084,1.10043,1.10066,1.19,1.00
2014.06.10 05:12:33.135,1.10043,1.10066,1.25,1.00
2014.06.10 05:12:33.238,1.10043,1.10066,1.55,1.00
2014.06.10 05:12:33.289,1.10043,1.10066,1.25,1.00
2014.06.10 05:12:33.391,1.10043,1.10066,1.55,1.00
2014.06.10 05:12:33.614,1.10043,1.10066,1.25,1.00
2014.06.10 05:12:35.808,1.10043,1.10066,1.55,1.00
2014.06.10 05:12:36.917,1.10043,1.10066,1.30,1.00
2014.06.10 05:12:38.728,1.10043,1.10066,1.00,1.00
2014.06.10 05:12:41.982,1.10043,1.10066,1.30,1.00
2014.06.10 05:12:42.659,1.10043,1.10066,1.00,1.00
2014.06.10 05:12:43.276,1.10043,1.10066,1.55,1.00
2014.06.10 05:12:44.710,1.10043,1.10066,1.55,1.00
2014.06.10 05:12:44.812,1.10043,1.10066,1.25,1.00
2014.06.10 05:12:45.317,1.10043,1.10065,1.25,1.00
2014.06.10 05:12:45.831,1.10043,1.10065,1.49,1.00
2014.06.10 05:12:45.932,1.10043,1.10065,1.49,1.00
2014.06.10 05:12:46.242,1.10044,1.10066,1.49,1.00
2014.06.10 05:12:46.621,1.10044,1.10066,1.49,1.00
2014.06.10 05:12:46.697,1.10044,1.10066,1.24,1.00
2014.06.10 05:12:46.849,1.10045,1.10069,1.24,2.63
2014.06.10 05:12:47.401,1.10045,1.10069,1.49,1.88
2014.06.10 05:12:47.603,1.10045,1.10069,1.49,1.88
2014.06.10 05:12:47.756,1.10045,1.10069,1.00,1.88
2014.06.10 05:12:48.275,1.10045,1.10068,1.05,1.88
2014.06.10 05:12:48.964,1.10045,1.10069,1.05,1.88
2014.06.10 05:12:49.466,1.10045,1.10068,1.00,1.88
2014.06.10 05:12:50.073,1.10045,1.10069,1.05,1.88
2014.06.10 05:12:50.623,1.10045,1.10069,1.30,1.88
2014.06.10 05:12:51.165,1.10045,1.10069,1.00,2.07
2014.06.10 05:12:51.373,1.10045,1.10066,1.00,1.00
2014.06.10 05:12:52.641,1.10045,1.10066,1.30,1.00
2014.06.10 05:12:53.178,1.10045,1.10066,1.00,1.00
2014.06.10 05:12:54.154,1.10045,1.10068,1.00,1.88
2014.06.10 05:12:54.357,1.10042,1.10065,1.24,1.00
2014.06.10 05:12:54.975,1.10042,1.10065,1.49,1.00
2014.06.10 05:12:55.315,1.10044,1.10065,1.49,1.00
2014.06.10 05:12:58.230,1.10044,1.10065,1.49,1.00
2014.06.10 05:12:58.795,1.10044,1.10065,1.49,1.00
2014.06.10 05:12:58.896,1.10044,1.10065,1.24,1.00
2014.06.10 05:12:59.336,1.10042,1.10065,1.99,1.00
2014.06.10 05:13:01.042,1.10043,1.10065,1.49,1.00
2014.06.10 05:13:02.229,1.10043,1.10065,1.49,1.00
2014.06.10 05:13:02.593,1.10043,1.10065,1.49,1.00
2014.06.10 05:13:02.796,1.10043,1.10065,1.24,1.00
2014.06.10 05:13:02.954,1.10043,1.10065,1.49,1.00
2014.06.10 05:13:03.081,1.10043,1.10065,1.49,1.00
2014.06.10 05:13:03.197,1.10043,1.10065,1.49,1.00
2014.06.10 05:13:03.259,1.10043,1.10065,1.49,1.00
2014.06.10 05:13:03.412,1.10043,1.10065,1.49,1.00
2014.06.10 05:13:04.169,1.10043,1.10065,1.49,1.00
2014.06.10 05:13:04.680,1.10043,1.10065,1.49,1.00
2014.06.10 05:13:05.579,1.10044,1.10065,1.49,1.00
2014.06.10 05:13:07.989,1.10043,1.10065,1.49,1.00
2014.06.10 05:13:08.796,1.10043,1.10065,1.49,1.00
2014.06.10 05:13:08.897,1.10043,1.10065,1.49,1.00
2014.06.10 05:13:09.770,1.10043,1.10065,1.49,1.00
2014.06.10 05:13:10.313,1.10043,1.10065,1.49,1.00
2014.06.10 05:13:12.109,1.10043,1.10065,1.49,1.00
2014.06.10 05:13:12.335,1.10043,1.10065,1.49,1.00
2014.06.10 05:13:12.745,1.10042,1.10065,1.99,1.00
2014.06.10 05:13:13.195,1.10042,1.10065,1.99,1.00
2014.06.10 05:13:14.323,1.10042,1.10065,1.99,1.00
2014.06.10 05:13:15.723,1.10042,1.10065,1.99,1.00
2014.06.10 05:13:16.335,1.10042,1.10065,1.99,1.00
2014.06.10 05:13:17.951,1.10042,1.10065,1.99,1.00
2014.06.10 05:13:18.736,1.10042,1.10065,1.99,1.00
2014.06.10 05:13:19.038,1.10042,1.10065,1.99,1.00
2014.06.10 05:13:20.160,1.10042,1.10065,1.99,1.00
2014.06.10 05:13:22.268,1.10042,1.10065,1.99,1.00
2014.06.10 05:13:22.834,1.10042,1.10065,1.99,1.00
2014.06.10 05:13:23.515,1.10042,1.10065,1.99,1.00
2014.06.10 05:13:24.160,1.10042,1.10065,1.99,1.00
2014.06.10 05:13:25.775,1.10042,1.10065,1.99,1.00
2014.06.10 05:13:27.266,1.10042,1.10065,1.99,1.00
2014.06.10 05:13:28.835,1.10044,1.10065,1.49,1.00
2014.06.10 05:13:29.789,1.10044,1.10065,1.49,1.00
2014.06.10 05:13:30.297,1.10043,1.10065,1.49,1.00
2014.06.10 05:13:30.993,1.10043,1.10065,1.49,1.00
2014.06.10 05:13:31.918,1.10043,1.10065,1.49,1.00
2014.06.10 05:13:32.125,1.10043,1.10065,1.24,1.00
2014.06.10 05:13:32.701,1.10043,1.10065,1.49,1.00
2014.06.10 05:13:33.234,1.10043,1.10065,1.49,1.00
2014.06.10 05:13:35.913,1.10042,1.10065,1.49,1.00
2014.06.10 05:13:37.533,1.10042,1.10065,1.99,1.00
2014.06.10 05:13:37.872,1.10044,1.10069,1.49,2.63
2014.06.10 05:13:38.488,1.10044,1.10068,1.49,1.88
2014.06.10 05:13:38.628,1.10044,1.10068,1.24,1.88
2014.06.10 05:13:38.829,1.10044,1.10068,1.49,1.88
2014.06.10 05:13:38.930,1.10044,1.10068,1.49,1.88
2014.06.10 05:13:39.031,1.10044,1.10068,1.49,1.88
2014.06.10 05:13:41.065,1.10044,1.10068,1.24,1.88
2014.06.10 05:13:42.145,1.10044,1.10068,1.24,1.88
2014.06.10 05:13:42.772,1.10044,1.10068,1.49,1.88
2014.06.10 05:13:43.693,1.10044,1.10069,1.49,3.38
2014.06.10 05:13:43.996,1.10044,1.10069,1.49,3.38
2014.06.10 05:13:45.970,1.10044,1.10068,1.49,1.88
2014.06.10 05:13:46.743,1.10044,1.10069,1.49,3.38
2014.06.10 05:13:46.794,1.10044,1.10069,1.24,3.38
2014.06.10 05:13:47.297,1.10044,1.10069,1.24,3.38
2014.06.10 05:13:48.037,1.10044,1.10069,1.24,3.38
2014.06.10 05:13:48.618,1.10044,1.10068,1.24,1.88
2014.06.10 05:13:48.999,1.10044,1.10068,1.49,1.88
2014.06.10 05:13:49.524,1.10044,1.10068,1.49,1.88
2014.06.10 05:13:49.827,1.10045,1.10066,1.49,1.00
2014.06.10 05:13:50.349,1.10045,1.10066,1.49,1.00
2014.06.10 05:13:50.853,1.10045,1.10068,1.99,1.00
2014.06.10 05:13:50.954,1.10045,1.10068,1.69,1.00
2014.06.10 05:13:51.455,1.10045,1.10068,1.99,2.63
2014.06.10 05:13:52.213,1.10045,1.10068,1.99,1.00
2014.06.10 05:13:52.734,1.10045,1.10068,1.99,1.00
2014.06.10 05:13:53.706,1.10045,1.10068,1.69,2.63
2014.06.10 05:13:54.346,1.10045,1.10068,2.07,2.63
2014.06.10 05:13:54.448,1.1005,1.10073,1.69,1.00
2014.06.10 05:13:54.600,1.10051,1.10073,1.24,1.00
2014.06.10 05:13:54.913,1.10051,1.1007,1.19,1.00
2014.06.10 05:13:55.115,1.10047,1.1007,1.62,1.00
2014.06.10 05:13:55.166,1.10047,1.10068,1.19,1.88
2014.06.10 05:13:55.217,1.10047,1.10065,1.00,1.00
2014.06.10 05:13:55.318,1.10047,1.10069,1.30,1.88
2014.06.10 05:13:55.369,1.10047,1.10069,1.30,1.88
2014.06.10 05:13:55.673,1.10045,1.10063,1.30,1.00
2014.06.10 05:13:55.723,1.10045,1.10065,1.30,1.00
2014.06.10 05:13:56.077,1.10045,1.10063,1.00,1.88
2014.06.10 05:13:56.179,1.10045,1.10065,1.00,1.00
2014.06.10 05:13:56.482,1.10044,1.10065,1.55,1.00
2014.06.10 05:13:56.686,1.10042,1.10063,1.00,1.88
2014.06.10 05:13:57.235,1.1004,1.10063,1.19,3.38
2014.06.10 05:13:57.792,1.1004,1.10063,1.00,3.38
2014.06.10 05:14:00.587,1.10045,1.10063,1.00,1.00
2014.06.10 05:14:01.223,1.10045,1.10059,1.00,1.00
2014.06.10 05:14:05.061,1.1004,1.10059,1.00,1.00
2014.06.10 05:14:08.146,1.10039,1.10059,1.00,1.00
2014.06.10 05:14:11.872,1.10039,1.10063,1.50,2.82
2014.06.10 05:14:11.923,1.10044,1.10064,1.00,3.38
2014.06.10 05:14:12.127,1.1004,1.10064,1.25,2.63
2014.06.10 05:14:12.430,1.1004,1.1006,1.00,1.00
2014.06.10 05:14:12.733,1.1004,1.10056,1.00,1.00
2014.06.10 05:14:14.101,1.10044,1.10056,1.00,1.00
2014.06.10 05:14:14.202,1.10044,1.10062,1.00,1.00
2014.06.10 05:14:14.304,1.1004,1.10062,1.00,1.00
2014.06.10 05:14:14.657,1.1004,1.1006,1.00,1.00
2014.06.10 05:14:16.411,1.10045,1.10063,1.00,3.57
2014.06.10 05:14:16.855,1.10039,1.10063,1.19,1.00
2014.06.10 05:14:17.741,1.10039,1.10063,1.19,1.00
2014.06.10 05:14:18.974,1.10039,1.10063,1.24,2.63
2014.06.10 05:14:20.164,1.10039,1.10063,1.55,2.63
2014.06.10 05:14:20.718,1.10039,1.10063,1.55,2.63
2014.06.10 05:14:21.232,1.10039,1.10063,1.49,2.63
2014.06.10 05:14:21.960,1.10039,1.10063,1.49,2.63
2014.06.10 05:14:22.750,1.10039,1.10063,1.49,2.63
2014.06.10 05:14:22.811,1.10039,1.10063,1.19,2.63
2014.06.10 05:14:22.913,1.10039,1.10063,1.99,1.00
2014.06.10 05:14:23.013,1.10039,1.10063,1.99,1.00
2014.06.10 05:14:23.542,1.10039,1.1006,1.24,1.00
2014.06.10 05:14:23.946,1.10041,1.10059,1.00,2.44
2014.06.10 05:14:23.997,1.10035,1.10055,1.00,1.00
2014.06.10 05:14:24.099,1.10035,1.10051,1.00,1.00
2014.06.10 05:14:24.200,1.10035,1.10056,1.00,1.00
2014.06.10 05:14:24.353,1.10034,1.10056,1.30,1.00
2014.06.10 05:14:24.404,1.10035,1.10058,1.30,1.25
2014.06.10 05:14:24.456,1.10035,1.10058,1.00,1.25
2014.06.10 05:14:24.557,1.10034,1.10053,1.30,1.00
2014.06.10 05:14:25.106,1.10034,1.10053,1.00,1.00
2014.06.10 05:14:25.741,1.10035,1.10053,1.00,1.00
2014.06.10 05:14:25.893,1.1003,1.10053,1.49,1.00
2014.06.10 05:14:25.994,1.1003,1.10053,1.49,1.00
2014.06.10 05:14:26.399,1.1003,1.10053,1.49,1.00
2014.06.10 05:14:27.059,1.1003,1.10053,1.19,1.00
2014.06.10 05:14:27.924,1.1003,1.10053,1.19,1.00
2014.06.10 05:14:28.889,1.1003,1.10053,1.49,1.00
2014.06.10 05:14:28.991,1.1003,1.10053,1.55,1.00
2014.06.10 05:14:29.092,1.1003,1.10053,1.25,1.00
2014.06.10 05:14:29.793,1.1003,1.10053,1.55,1.00
2014.06.10 05:14:30.626,1.10028,1.10053,1.87,1.00
2014.06.10 05:14:30.937,1.10028,1.10053,1.87,1.00
2014.06.10 05:14:31.690,1.10028,1.10053,1.87,1.00
2014.06.10 05:14:32.804,1.10029,1.10053,1.15,1.00
2014.06.10 05:14:32.897,1.10028,1.10053,1.87,1.00
2014.06.10 05:14:33.100,1.10028,1.10053,1.87,1.00
2014.06.10 05:14:33.522,1.10028,1.10053,1.87,1.00
2014.06.10 05:14:38.159,1.10028,1.10053,2.37,1.00
2014.06.10 05:14:38.825,1.10028,1.10053,2.37,1.00
2014.06.10 05:14:39.027,1.10028,1.10053,2.37,1.00
2014.06.10 05:14:39.142,1.10028,1.10053,2.37,1.00
2014.06.10 05:14:39.963,1.10028,1.10053,1.87,1.00
2014.06.10 05:14:40.679,1.10028,1.10053,1.87,1.00
2014.06.10 05:14:40.972,1.10028,1.10053,1.87,1.00
2014.06.10 05:14:41.954,1.10028,1.10053,1.87,1.00
2014.06.10 05:14:42.741,1.10028,1.10053,1.87,1.00
2014.06.10 05:14:42.843,1.10028,1.10053,1.87,1.00
2014.06.10 05:14:42.962,1.10028,1.10053,1.87,1.00
2014.06.10 05:14:43.083,1.10028,1.10053,1.87,1.00
2014.06.10 05:14:43.249,1.10028,1.10053,1.87,1.00
2014.06.10 05:14:43.470,1.10028,1.10053,1.49,1.00
2014.06.10 05:14:43.997,1.10028,1.10053,1.49,1.00
2014.06.10 05:14:44.905,1.10028,1.10053,1.49,1.00
2014.06.10 05:14:46.262,1.10028,1.10053,1.19,1.00
2014.06.10 05:14:46.364,1.10028,1.10053,1.00,3.19
2014.06.10 05:14:46.668,1.10019,1.10041,1.05,1.00
2014.06.10 05:14:47.174,1.10019,1.1004,1.50,1.25
2014.06.10 05:14:47.635,1.10019,1.10038,1.00,1.00
2014.06.10 05:14:48.002,1.10016,1.10038,1.88,1.00
2014.06.10 05:14:48.608,1.10017,1.10038,1.88,1.25
2014.06.10 05:14:48.709,1.10015,1.10038,1.00,1.25
2014.06.10 05:14:51.544,1.10016,1.10038,1.88,1.25
2014.06.10 05:14:52.050,1.10017,1.10038,1.95,1.00
2014.06.10 05:14:52.361,1.1002,1.10038,1.00,1.00
2014.06.10 05:14:52.463,1.1002,1.10041,1.10,1.25
2014.06.10 05:14:52.716,1.10021,1.10046,1.37,1.00
2014.06.10 05:14:53.233,1.10022,1.10045,2.82,1.00
2014.06.10 05:14:53.736,1.10021,1.10046,2.14,1.00
2014.06.10 05:14:54.442,1.10022,1.10046,1.32,1.00
2014.06.10 05:14:54.951,1.10021,1.10046,4.62,1.00
2014.06.10 05:14:55.650,1.10022,1.10046,3.87,1.00
2014.06.10 05:14:55.853,1.10022,1.10046,4.69,1.00
2014.06.10 05:14:56.439,1.10022,1.10046,3.87,1.00
2014.06.10 05:14:57.815,1.10023,1.10046,2.29,1.00
2014.06.10 05:14:58.118,1.10033,1.10056,1.62,1.00
2014.06.10 05:14:58.220,1.10033,1.10056,1.02,1.00
2014.06.10 05:14:58.422,1.10033,1.10056,2.00,1.00
2014.06.10 05:14:58.523,1.10036,1.10059,1.29,1.00
2014.06.10 05:14:59.129,1.10036,1.10059,1.00,1.00
2014.06.10 05:14:59.230,1.10036,1.10059,1.60,1.50
2014.06.10 05:14:59.534,1.10036,1.10053,1.60,1.00
2014.06.10 05:14:59.635,1.10036,1.10053,1.00,1.00
2014.06.10 05:14:59.686,1.10036,1.10059,1.00,2.07
2014.06.10 05:14:59.737,1.10036,1.10054,1.00,1.00
2014.06.10 05:15:00.175,1.10032,1.10054,1.28,1.00
2014.06.10 05:15:00.276,1.10032,1.10054,1.00,1.00
2014.06.10 05:15:01.374,1.10032,1.10054,1.00,1.38
2014.06.10 05:15:01.425,1.10026,1.10051,5.59,1.38
2014.06.10 05:15:01.577,1.10027,1.10051,2.55,1.00
2014.06.10 05:15:01.778,1.10027,1.10048,2.55,1.00
2014.06.10 05:15:01.881,1.10027,1.10048,1.95,1.00
2014.06.10 05:15:02.392,1.10026,1.10049,3.57,1.00
2014.06.10 05:15:02.545,1.10027,1.10048,2.74,1.00
2014.06.10 05:15:02.917,1.10027,1.10048,2.74,1.00
2014.06.10 05:15:03.186,1.10026,1.10049,2.97,1.13
2014.06.10 05:15:03.287,1.10027,1.10046,2.14,1.00
2014.06.10 05:15:03.623,1.10027,1.10047,2.67,1.00
2014.06.10 05:15:04.276,1.10027,1.10047,2.67,1.00
2014.06.10 05:15:04.428,1.1003,1.10049,1.00,1.00
2014.06.10 05:15:04.732,1.10029,1.10054,1.19,1.00
2014.06.10 05:15:04.833,1.10034,1.10055,1.00,1.00
2014.06.10 05:15:04.884,1.10034,1.10057,1.00,1.00
2014.06.10 05:15:04.935,1.10034,1.10057,1.30,1.00
2014.06.10 05:15:05.463,1.10034,1.10057,1.30,1.00
2014.06.10 05:15:05.816,1.10034,1.10057,1.00,1.00
2014.06.10 05:15:11.129,1.10034,1.10055,1.05,1.00
2014.06.10 05:15:11.473,1.10034,1.10055,1.30,1.00
2014.06.10 05:15:11.676,1.10034,1.10055,1.00,1.00
2014.06.10 05:15:12.534,1.10034,1.10057,1.00,1.00
2014.06.10 05:15:13.350,1.10034,1.10056,1.00,1.00
2014.06.10 05:15:13.872,1.10034,1.10056,1.30,1.00
2014.06.10 05:15:15.127,1.10034,1.10056,1.30,1.00
2014.06.10 05:15:15.680,1.10034,1.10056,1.00,1.00
2014.06.10 05:15:17.925,1.10034,1.10055,1.25,1.00
2014.06.10 05:15:18.134,1.10032,1.10054,2.07,1.00
2014.06.10 05:15:18.639,1.10032,1.10054,2.37,1.00
2014.06.10 05:15:18.947,1.10032,1.10054,2.37,1.00
2014.06.10 05:15:19.086,1.10032,1.10054,2.07,1.00
2014.06.10 05:15:19.138,1.10032,1.1005,2.37,1.00
2014.06.10 05:15:19.391,1.10031,1.10054,1.49,1.00
2014.06.10 05:15:19.442,1.10031,1.10054,1.49,1.00
2014.06.10 05:15:19.543,1.10031,1.10054,1.00,1.00
2014.06.10 05:15:19.595,1.10031,1.1005,1.00,1.00
2014.06.10 05:15:19.798,1.10031,1.10054,1.00,1.00
2014.06.10 05:15:20.311,1.10031,1.10054,1.19,1.00
2014.06.10 05:15:20.565,1.10033,1.10054,1.19,1.00
2014.06.10 05:15:20.666,1.10035,1.10058,1.19,1.00
2014.06.10 05:15:20.870,1.10037,1.1006,1.00,1.00
2014.06.10 05:15:20.920,1.10037,1.1006,1.60,1.00
2014.06.10 05:15:21.246,1.10036,1.1006,1.85,1.00
2014.06.10 05:15:21.751,1.10036,1.1006,1.85,1.00
2014.06.10 05:15:23.968,1.10036,1.10061,1.85,1.69
2014.06.10 05:15:24.886,1.10036,1.1006,1.85,1.00
2014.06.10 05:15:27.634,1.10036,1.10055,1.60,1.00
2014.06.10 05:15:27.837,1.10036,1.1006,1.60,1.00
2014.06.10 05:15:27.888,1.10036,1.1006,1.35,1.00
2014.06.10 05:15:27.989,1.10036,1.1006,1.60,1.00
2014.06.10 05:15:28.506,1.10036,1.1006,1.60,1.00
2014.06.10 05:15:28.986,1.10036,1.1006,1.85,1.00
2014.06.10 05:15:29.037,1.10036,1.1006,1.85,1.00
2014.06.10 05:15:29.088,1.10036,1.1006,1.85,1.00
2014.06.10 05:15:29.700,1.10036,1.1006,1.85,1.00
2014.06.10 05:15:30.079,1.10036,1.1006,1.85,1.00
2014.06.10 05:15:30.583,1.10036,1.1006,1.85,1.00
2014.06.10 05:15:31.612,1.10036,1.1006,1.25,1.00
2014.06.10 05:15:32.698,1.10036,1.1006,1.85,1.00
2014.06.10 05:15:33.281,1.10036,1.1006,1.60,1.19
2014.06.10 05:15:34.952,1.10036,1.1006,1.60,1.19
2014.06.10 05:15:35.639,1.10036,1.1006,1.60,1.19
2014.06.10 05:15:35.958,1.10036,1.1006,1.60,1.25
2014.06.10 05:15:36.239,1.10036,1.1006,1.00,1.25
2014.06.10 05:15:37.634,1.10036,1.1006,1.60,1.00
2014.06.10 05:15:38.049,1.10036,1.10058,1.60,1.00
2014.06.10 05:15:38.354,1.10036,1.1006,1.85,1.00
2014.06.10 05:15:38.761,1.10036,1.1006,1.85,1.00
2014.06.10 05:15:38.952,1.10036,1.1006,1.25,1.00
2014.06.10 05:15:39.606,1.10036,1.10056,1.35,1.00
2014.06.10 05:15:39.932,1.10036,1.10058,1.60,1.00
2014.06.10 05:15:40.542,1.10034,1.10057,1.79,1.00
2014.06.10 05:15:42.673,1.10037,1.10059,1.60,1.00
2014.06.10 05:15:43.184,1.10037,1.10058,1.60,1.00
2014.06.10 05:15:44.406,1.10037,1.10056,1.00,1.13
2014.06.10 05:15:44.710,1.10037,1.10058,1.00,1.00
2014.06.10 05:15:45.064,1.10037,1.10058,3.23,1.00
2014.06.10 05:15:45.651,1.10037,1.10059,1.60,1.00
2014.06.10 05:15:46.201,1.10037,1.10058,3.23,1.00
2014.06.10 05:15:46.860,1.10037,1.10058,3.23,1.00
2014.06.10 05:15:50.038,1.10037,1.10053,1.60,1.00
2014.06.10 05:15:51.741,1.10037,1.10053,1.00,1.00
2014.06.10 05:15:51.944,1.10037,1.1006,1.00,1.69
2014.06.10 05:15:52.096,1.10039,1.1006,1.00,1.25
2014.06.10 05:15:52.610,1.10039,1.10061,1.00,1.00
2014.06.10 05:15:53.005,1.10043,1.10061,1.00,1.00
2014.06.10 05:15:54.102,1.10043,1.10063,1.00,1.00
2014.06.10 05:15:54.203,1.10043,1.10066,1.00,1.69
2014.06.10 05:15:54.418,1.10044,1.10066,1.19,1.00
2014.06.10 05:15:54.519,1.10045,1.10068,1.25,2.63
2014.06.10 05:15:54.774,1.10048,1.10069,1.00,1.00
2014.06.10 05:15:55.291,1.10048,1.10071,1.05,1.19
2014.06.10 05:15:55.964,1.10048,1.10073,1.00,2.63
2014.06.10 05:15:56.656,1.10048,1.1007,1.00,1.00
2014.06.10 05:15:58.940,1.10046,1.10069,1.19,1.00
2014.06.10 05:16:00.348,1.10046,1.10069,1.49,1.00
2014.06.10 05:16:00.503,1.10048,1.10073,1.00,2.82
2014.06.10 05:16:00.824,1.10048,1.1007,1.00,1.00
2014.06.10 05:16:06.672,1.10048,1.10071,1.00,1.00
2014.06.10 05:16:08.092,1.10048,1.10073,1.00,1.19
2014.06.10 05:16:08.422,1.10042,1.10059,5.14,1.00
2014.06.10 05:16:08.754,1.10044,1.10059,1.19,1.00
2014.06.10 05:16:10.130,1.10041,1.10059,5.52,1.00
2014.06.10 05:16:11.004,1.10049,1.10059,1.00,1.00
2014.06.10 05:16:11.790,1.10049,1.10066,1.00,1.13
2014.06.10 05:16:11.841,1.10049,1.10068,1.30,1.00
2014.06.10 05:16:12.158,1.10049,1.10071,1.30,1.50
2014.06.10 05:16:12.259,1.10049,1.10071,1.00,1.50
2014.06.10 05:16:12.679,1.10049,1.10066,1.00,1.00
2014.06.10 05:16:13.771,1.10049,1.10063,1.24,1.00
2014.06.10 05:16:14.227,1.10049,1.10063,1.55,1.00
2014.06.10 05:16:14.449,1.10049,1.10063,1.25,1.00
2014.06.10 05:16:17.142,1.1005,1.10063,1.00,1.00
2014.06.10 05:16:17.193,1.10056,1.10063,1.00,1.00
2014.06.10 05:16:17.345,1.1005,1.10063,1.99,1.00
2014.06.10 05:16:17.446,1.10058,1.10066,1.00,1.00
2014.06.10 05:16:17.749,1.10053,1.10066,1.32,1.00
2014.06.10 05:16:17.966,1.10058,1.10066,1.00,1.00
2014.06.10 05:16:18.220,1.10055,1.10066,1.00,1.00
2014.06.10 05:16:18.422,1.10052,1.10066,1.00,1.00
2014.06.10 05:16:18.524,1.10047,1.10063,2.07,1.00
2014.06.10 05:16:18.676,1.1005,1.10063,1.00,1.00
2014.06.10 05:16:18.980,1.1005,1.10063,1.30,1.00
2014.06.10 05:16:19.081,1.10045,1.10063,1.99,1.00
2014.06.10 05:16:19.284,1.10045,1.1006,1.99,1.00
2014.06.10 05:16:19.803,1.10049,1.1006,1.00,1.00
2014.06.10 05:16:20.610,1.10049,1.10057,1.00,1.00
2014.06.10 05:16:20.661,1.10044,1.10057,1.00,1.00
2014.06.10 05:16:20.814,1.10044,1.10053,1.00,1.00
2014.06.10 05:16:21.117,1.1005,1.10058,1.00,1.00
2014.06.10 05:16:21.169,1.1004,1.10058,1.13,1.00
2014.06.10 05:16:21.372,1.1004,1.10054,1.00,1.00
2014.06.10 05:16:21.675,1.10039,1.10052,1.00,1.00
2014.06.10 05:16:22.507,1.10039,1.10052,1.55,1.00
2014.06.10 05:16:22.746,1.10039,1.10052,1.25,1.00
2014.06.10 05:16:23.582,1.1004,1.10052,1.00,1.00
2014.06.10 05:16:25.802,1.1004,1.10052,1.65,1.00
2014.06.10 05:16:25.853,1.1004,1.10052,1.73,1.00
2014.06.10 05:16:25.903,1.10045,1.10057,1.00,1.00
2014.06.10 05:16:26.156,1.10038,1.10057,1.19,1.00
2014.06.10 05:16:26.840,1.10042,1.10057,1.00,1.00
2014.06.10 05:16:27.191,1.10038,1.10057,1.24,1.00
2014.06.10 05:16:27.468,1.10036,1.10057,3.12,1.00
2014.06.10 05:16:28.009,1.10037,1.10057,1.32,1.00
2014.06.10 05:16:28.553,1.10037,1.10057,2.07,1.00
2014.06.10 05:16:28.654,1.10044,1.10057,1.00,1.00
2014.06.10 05:16:29.183,1.10045,1.10057,1.00,1.00
2014.06.10 05:16:29.334,1.10041,1.10057,1.00,1.00
2014.06.10 05:16:30.899,1.10041,1.10057,1.30,1.00
2014.06.10 05:16:31.000,1.10041,1.10057,1.00,1.00
2014.06.10 05:16:33.716,1.10041,1.10053,1.05,1.00
2014.06.10 05:16:34.496,1.10039,1.10053,1.24,1.00
2014.06.10 05:16:35.217,1.10039,1.10053,1.24,1.00
2014.06.10 05:16:35.815,1.10039,1.10053,1.55,1.00
2014.06.10 05:16:37.334,1.10039,1.10053,1.00,1.00
2014.06.10 05:16:37.896,1.10044,1.10053,1.00,1.00
2014.06.10 05:16:38.043,1.10044,1.10057,1.50,1.00
2014.06.10 05:16:42.162,1.10039,1.10054,1.49,1.00
2014.06.10 05:16:42.213,1.10039,1.10054,1.19,1.00
2014.06.10 05:16:42.982,1.1004,1.10054,1.30,1.00
2014.06.10 05:16:43.710,1.1004,1.10054,1.00,1.00
2014.06.10 05:16:44.903,1.1004,1.10054,1.30,1.00
2014.06.10 05:16:45.014,1.1004,1.10054,1.00,1.00
2014.06.10 05:16:48.616,1.10039,1.10054,1.05,1.00
2014.06.10 05:16:48.930,1.10039,1.10054,1.49,1.00
2014.06.10 05:16:49.464,1.10039,1.10054,1.19,1.00
2014.06.10 05:16:49.777,1.10039,1.10051,1.19,1.00
2014.06.10 05:16:55.244,1.10039,1.10051,1.19,1.00
2014.06.10 05:16:55.814,1.10039,1.10055,1.49,1.00
2014.06.10 05:16:57.084,1.10039,1.10055,1.49,1.00
2014.06.10 05:16:58.219,1.10039,1.10055,1.25,1.00
2014.06.10 05:16:59.001,1.10039,1.10055,1.55,1.00
2014.06.10 05:16:59.097,1.10039,1.10055,1.25,1.00
2014.06.10 05:17:00.646,1.10039,1.10055,1.55,1.00
2014.06.10 05:17:01.642,1.10037,1.10055,1.19,1.00
2014.06.10 05:17:02.299,1.10037,1.10055,1.19,1.00
2014.06.10 05:17:02.522,1.10037,1.10055,1.49,1.00
2014.06.10 05:17:02.959,1.10039,1.10055,1.00,1.00
2014.06.10 05:17:03.337,1.10039,1.10055,1.30,1.00
2014.06.10 05:17:03.478,1.10039,1.10055,1.00,1.00
2014.06.10 05:17:04.171,1.10037,1.10055,1.55,1.00
2014.06.10 05:17:04.496,1.10036,1.10055,1.00,1.00
2014.06.10 05:17:04.823,1.10032,1.10055,1.00,1.00
2014.06.10 05:17:05.955,1.10032,1.10055,1.30,1.00
2014.06.10 05:17:06.857,1.10032,1.10055,1.30,1.25
2014.06.10 05:17:07.682,1.10032,1.10055,1.00,1.50
2014.06.10 05:17:07.784,1.10027,1.10052,1.67,1.00
2014.06.10 05:17:08.138,1.10031,1.10054,2.14,1.00
2014.06.10 05:17:08.795,1.10031,1.10054,3.64,1.00
2014.06.10 05:17:09.500,1.10032,1.10054,1.88,1.00
2014.06.10 05:17:10.212,1.10035,1.10054,1.00,1.00
2014.06.10 05:17:10.633,1.10035,1.10058,1.19,1.00
2014.06.10 05:17:11.017,1.10035,1.10058,1.49,1.00
2014.06.10 05:17:11.219,1.10035,1.10058,1.19,1.00
2014.06.10 05:17:13.621,1.10034,1.10058,1.19,1.00
2014.06.10 05:17:15.855,1.10034,1.10058,1.25,1.00
2014.06.10 05:17:16.884,1.10033,1.10055,1.62,1.15
2014.06.10 05:17:16.986,1.1003,1.10052,1.48,1.00
2014.06.10 05:17:17.041,1.10036,1.10048,1.00,1.00
2014.06.10 05:17:21.620,1.10035,1.10048,1.00,1.00
2014.06.10 05:17:23.152,1.10035,1.10048,1.30,1.00
2014.06.10 05:17:23.726,1.10035,1.10048,1.00,1.00
2014.06.10 05:17:27.693,1.10035,1.10051,1.00,1.00
2014.06.10 05:17:27.794,1.1003,1.10053,1.59,1.00
2014.06.10 05:17:27.845,1.1003,1.10053,1.29,1.00
2014.06.10 05:17:28.220,1.10032,1.10053,2.07,1.00
2014.06.10 05:17:28.930,1.10035,1.10058,1.63,1.00
2014.06.10 05:17:29.031,1.10038,1.1006,1.00,1.25
2014.06.10 05:17:29.670,1.10038,1.10061,1.00,1.69
2014.06.10 05:17:31.608,1.10038,1.10061,1.00,1.69
2014.06.10 05:17:34.395,1.10038,1.10056,1.00,1.00
2014.06.10 05:17:35.800,1.10038,1.1006,1.00,1.25
2014.06.10 05:17:39.100,1.10038,1.10061,1.00,1.00
2014.06.10 05:17:39.321,1.1004,1.10061,1.00,1.00
2014.06.10 05:17:39.728,1.1004,1.10061,1.55,1.00
2014.06.10 05:17:40.212,1.1004,1.10061,1.32,1.00
2014.06.10 05:17:40.851,1.1004,1.10061,1.55,1.00
2014.06.10 05:17:41.709,1.1004,1.10061,1.55,1.00
2014.06.10 05:17:41.934,1.1004,1.10061,1.32,1.00
2014.06.10 05:17:42.925,1.1004,1.10061,1.49,1.00
2014.06.10 05:17:46.482,1.1004,1.10061,1.55,1.00
2014.06.10 05:17:49.052,1.1004,1.10061,1.55,1.00
2014.06.10 05:17:49.805,1.1004,1.10061,1.25,1.00
2014.06.10 05:17:50.658,1.1004,1.10061,1.55,1.00
2014.06.10 05:17:52.769,1.1004,1.10061,1.25,1.00
2014.06.10 05:17:52.870,1.1004,1.10061,1.49,1.00
2014.06.10 05:17:53.497,1.1004,1.10061,1.49,1.00
2014.06.10 05:17:54.129,1.1004,1.10061,1.19,1.00
2014.06.10 05:17:59.321,1.1004,1.10061,1.25,1.00
2014.06.10 05:18:00.758,1.1004,1.10061,1.55,1.00
2014.06.10 05:18:02.662,1.1004,1.10061,1.49,1.00
2014.06.10 05:18:02.971,1.1004,1.10061,1.19,1.00
2014.06.10 05:18:04.449,1.1004,1.10061,1.49,1.00
2014.06.10 05:18:05.055,1.1004,1.10061,1.49,1.00
2014.06.10 05:18:06.368,1.1004,1.10061,1.19,1.00
2014.06.10 05:18:08.101,1.1004,1.10061,1.00,1.00
2014.06.10 05:18:08.940,1.1004,1.10061,1.30,1.00
2014.06.10 05:18:09.558,1.1004,1.10061,1.00,1.00
2014.06.10 05:18:12.692,1.10039,1.10061,1.49,1.00
2014.06.10 05:18:12.793,1.10039,1.10061,1.49,1.00
2014.06.10 05:18:12.995,1.10039,1.10061,1.49,1.00
2014.06.10 05:18:13.097,1.10039,1.10061,1.49,1.00
2014.06.10 05:18:13.198,1.10039,1.10061,1.25,1.00
2014.06.10 05:18:13.299,1.10039,1.10061,1.55,1.00
2014.06.10 05:18:13.574,1.10039,1.10061,1.25,1.00
2014.06.10 05:18:13.982,1.10039,1.10061,1.55,1.00
2014.06.10 05:18:14.083,1.10039,1.10061,1.25,1.00
2014.06.10 05:18:14.904,1.10039,1.10061,1.49,1.00
2014.06.10 05:18:17.937,1.10039,1.10061,1.49,1.00
2014.06.10 05:18:18.859,1.10038,1.1006,1.99,1.00
2014.06.10 05:18:18.910,1.10038,1.1006,1.69,1.00
2014.06.10 05:18:19.062,1.10043,1.10061,1.00,1.50
2014.06.10 05:18:19.265,1.10038,1.10061,1.99,1.50
2014.06.10 05:18:19.794,1.10038,1.10061,1.99,1.50
2014.06.10 05:18:20.134,1.10038,1.10061,1.99,1.50
2014.06.10 05:18:20.839,1.10038,1.1006,1.99,1.00
2014.06.10 05:18:20.941,1.10038,1.1006,1.99,1.00
2014.06.10 05:18:22.167,1.10038,1.1006,1.69,1.00
2014.06.10 05:18:22.947,1.10038,1.1006,1.99,1.00
2014.06.10 05:18:23.049,1.10038,1.1006,1.69,1.00
2014.06.10 05:18:23.150,1.10038,1.1006,1.99,1.00
2014.06.10 05:18:23.252,1.10038,1.1006,1.69,1.00
2014.06.10 05:18:24.139,1.10038,1.10061,1.69,1.50
2014.06.10 05:18:24.338,1.10039,1.10061,1.30,1.00
2014.06.10 05:18:25.129,1.10038,1.1006,1.30,1.00
2014.06.10 05:18:25.298,1.10038,1.1006,1.00,1.00
2014.06.10 05:18:25.905,1.10035,1.10057,1.49,1.00
2014.06.10 05:18:26.422,1.10035,1.10057,1.00,1.00
2014.06.10 05:18:28.077,1.10035,1.10057,1.30,1.00
2014.06.10 05:18:29.082,1.10035,1.10057,1.05,1.00
2014.06.10 05:18:29.769,1.10035,1.10057,1.30,1.00
2014.06.10 05:18:30.361,1.10035,1.10057,1.00,1.00
2014.06.10 05:18:31.195,1.10035,1.10057,1.30,1.00
2014.06.10 05:18:32.799,1.10035,1.10057,1.30,1.00
2014.06.10 05:18:33.051,1.10035,1.10057,1.00,1.00
2014.06.10 05:18:33.559,1.10037,1.10057,3.94,1.00
2014.06.10 05:18:33.610,1.1004,1.1006,1.25,1.00
2014.06.10 05:18:33.713,1.10041,1.1006,1.38,1.00
2014.06.10 05:18:34.009,1.10044,1.10063,1.00,1.00
2014.06.10 05:18:35.771,1.10044,1.10064,1.00,1.00
2014.06.10 05:18:36.682,1.10044,1.10063,1.00,1.00
2014.06.10 05:18:37.740,1.10044,1.10065,1.00,1.38
2014.06.10 05:18:37.790,1.10044,1.10061,1.00,1.00
2014.06.10 05:18:38.352,1.10044,1.1006,1.00,1.00
2014.06.10 05:18:38.863,1.10044,1.10061,1.00,1.00
2014.06.10 05:18:40.381,1.10044,1.1006,1.00,1.00
2014.06.10 05:18:40.533,1.10044,1.10063,1.00,1.00
2014.06.10 05:18:41.043,1.10044,1.10064,1.00,1.00
2014.06.10 05:18:42.971,1.10044,1.10063,1.00,1.00
2014.06.10 05:18:45.337,1.10044,1.10064,1.00,1.50
2014.06.10 05:18:46.159,1.10045,1.10064,1.00,1.00
2014.06.10 05:18:46.210,1.10045,1.10067,1.19,1.00
2014.06.10 05:18:46.471,1.10048,1.10071,1.00,1.00
2014.06.10 05:18:49.109,1.10048,1.1007,1.00,1.25
2014.06.10 05:18:51.870,1.10048,1.10071,1.00,1.50
2014.06.10 05:18:53.613,1.10048,1.1007,1.00,1.00
2014.06.10 05:18:55.370,1.10048,1.10071,1.00,1.50
2014.06.10 05:18:57.891,1.10048,1.1007,1.00,1.00
2014.06.10 05:18:58.538,1.10048,1.10065,1.00,1.00
2014.06.10 05:19:00.719,1.10048,1.10066,1.00,1.00
2014.06.10 05:19:01.182,1.10045,1.10061,1.00,1.00
2014.06.10 05:19:04.073,1.10045,1.10066,1.00,1.00
2014.06.10 05:19:04.643,1.10045,1.10068,1.69,1.00
2014.06.10 05:19:04.744,1.10047,1.1007,1.25,1.00
2014.06.10 05:19:04.947,1.10048,1.10071,1.19,1.00
2014.06.10 05:19:05.149,1.10053,1.10076,1.00,1.50
2014.06.10 05:19:05.402,1.10053,1.10071,1.00,1.00
2014.06.10 05:19:05.655,1.10053,1.10076,1.00,1.50
2014.06.10 05:19:06.873,1.10053,1.1007,1.00,1.00
2014.06.10 05:19:06.924,1.10049,1.1007,1.19,1.00
2014.06.10 05:19:07.741,1.10051,1.1007,1.19,1.00
2014.06.10 05:19:07.851,1.10053,1.10076,1.19,1.00
2014.06.10 05:19:09.908,1.10053,1.10076,1.19,1.00
2014.06.10 05:19:11.113,1.10053,1.10076,1.19,1.00
2014.06.10 05:19:12.117,1.10053,1.10076,1.25,1.00
2014.06.10 05:19:12.326,1.10053,1.10071,1.25,1.00
2014.06.10 05:19:12.870,1.10053,1.10076,1.25,1.00
2014.06.10 05:19:13.308,1.10053,1.1007,1.25,1.00
2014.06.10 05:19:14.852,1.10053,1.1007,1.19,1.00
2014.06.10 05:19:15.367,1.10053,1.1007,1.69,1.00
2014.06.10 05:19:16.649,1.10053,1.10075,1.69,1.00
2014.06.10 05:19:16.833,1.10053,1.10071,1.69,1.00
2014.06.10 05:19:16.884,1.10053,1.10071,1.19,1.00
2014.06.10 05:19:17.598,1.10053,1.10075,1.19,1.00
2014.06.10 05:19:18.078,1.10053,1.1007,1.19,1.00
2014.06.10 05:19:23.653,1.10053,1.10075,1.19,1.00
2014.06.10 05:19:26.072,1.10053,1.10076,1.19,1.00
2014.06.10 05:19:26.761,1.10053,1.10076,1.24,1.00
2014.06.10 05:19:29.869,1.10053,1.10076,1.69,1.00
2014.06.10 05:19:34.322,1.10053,1.10078,1.69,1.13
2014.06.10 05:19:36.473,1.10053,1.10078,1.69,1.00
2014.06.10 05:19:39.382,1.10053,1.10078,2.44,1.00
2014.06.10 05:19:43.388,1.10053,1.10075,1.69,1.00
2014.06.10 05:19:44.396,1.10053,1.10075,1.69,1.00
2014.06.10 05:19:45.798,1.10053,1.10075,1.69,1.00
2014.06.10 05:19:47.340,1.10053,1.10075,1.19,1.00
2014.06.10 05:19:48.611,1.10053,1.10075,1.19,1.00
2014.06.10 05:19:49.714,1.10053,1.10075,1.69,1.00
2014.06.10 05:19:55.026,1.10053,1.10075,1.19,1.00
2014.06.10 05:19:56.894,1.10054,1.10075,1.19,1.00
2014.06.10 05:19:58.600,1.10053,1.10075,1.69,1.00
2014.06.10 05:19:59.809,1.10053,1.10075,1.19,1.00
2014.06.10 05:19:59.860,1.10053,1.10078,1.19,1.00
2014.06.10 05:20:01.755,1.10053,1.10078,1.19,1.00
2014.06.10 05:20:02.913,1.10053,1.10078,1.69,1.00
2014.06.10 05:20:07.438,1.10053,1.10073,1.00,1.00
2014.06.10 05:20:07.742,1.10053,1.10075,1.19,1.00
2014.06.10 05:20:07.843,1.10056,1.10075,1.00,1.00
2014.06.10 05:20:07.894,1.10056,1.1008,1.00,1.00
2014.06.10 05:20:08.096,1.10056,1.10076,1.00,1.00
2014.06.10 05:20:08.319,1.10054,1.10076,1.25,1.00
2014.06.10 05:20:08.838,1.10054,1.10076,1.19,1.00
2014.06.10 05:20:09.152,1.10054,1.10077,1.69,1.00
2014.06.10 05:20:09.203,1.10058,1.10081,1.00,1.50
2014.06.10 05:20:10.933,1.10058,1.1008,1.00,1.00
2014.06.10 05:20:12.900,1.10058,1.10081,1.00,1.69
2014.06.10 05:20:13.668,1.10058,1.1008,1.00,1.00
2014.06.10 05:20:13.929,1.10058,1.10081,1.18,1.69
2014.06.10 05:20:14.373,1.10062,1.10081,1.00,1.00
2014.06.10 05:20:14.878,1.10062,1.1008,1.00,1.00
2014.06.10 05:20:15.030,1.10058,1.1008,1.00,1.00
2014.06.10 05:20:17.400,1.10058,1.10083,1.19,1.00
2014.06.10 05:20:18.566,1.10058,1.10083,1.19,1.00
2014.06.10 05:20:20.118,1.10058,1.10081,1.19,1.00
2014.06.10 05:20:22.682,1.10058,1.1008,1.34,1.00
2014.06.10 05:20:23.231,1.10062,1.1008,1.00,1.00
2014.06.10 05:20:23.653,1.10062,1.10085,1.00,1.88
2014.06.10 05:20:24.008,1.10062,1.10085,1.00,1.50
2014.06.10 05:20:24.650,1.10062,1.10081,1.00,1.00
2014.06.10 05:20:28.470,1.10062,1.10085,1.00,1.50
2014.06.10 05:20:29.198,1.10062,1.10085,1.19,1.50
2014.06.10 05:20:31.221,1.10062,1.10085,1.19,1.00
2014.06.10 05:20:32.248,1.10062,1.10085,1.19,1.00
2014.06.10 05:20:34.919,1.10062,1.10085,1.25,1.00
2014.06.10 05:20:35.923,1.10062,1.10085,1.19,1.00
2014.06.10 05:20:36.974,1.10069,1.10085,1.00,1.00
2014.06.10 05:20:37.075,1.10066,1.10089,1.00,1.38
2014.06.10 05:20:37.584,1.10066,1.10089,1.19,1.00
2014.06.10 05:20:37.837,1.1007,1.1009,1.00,1.00
2014.06.10 05:20:38.140,1.1007,1.10085,1.00,1.00
2014.06.10 05:20:38.494,1.10066,1.10083,1.00,1.00
2014.06.10 05:20:38.696,1.10066,1.10089,1.00,1.69
2014.06.10 05:20:38.798,1.10066,1.10089,1.00,1.54
2014.06.10 05:20:41.157,1.10066,1.10085,1.00,1.00
2014.06.10 05:20:42.358,1.10066,1.10089,1.15,1.57
2014.06.10 05:20:42.460,1.10069,1.1009,1.08,1.00
2014.06.10 05:20:42.511,1.10069,1.1009,1.00,1.00
2014.06.10 05:20:49.788,1.10069,1.1009,1.19,1.00
2014.06.10 05:20:52.941,1.10069,1.10086,1.00,1.00
2014.06.10 05:20:53.122,1.10069,1.10088,1.00,1.00
2014.06.10 05:20:53.379,1.10069,1.10085,1.00,1.00
2014.06.10 05:20:53.480,1.10065,1.10085,1.00,1.00
2014.06.10 05:20:53.892,1.10065,1.10088,1.00,1.50
2014.06.10 05:20:54.094,1.10062,1.10085,1.19,1.00
2014.06.10 05:20:54.398,1.10062,1.10083,1.00,1.00
2014.06.10 05:20:55.429,1.10062,1.10084,1.00,1.25
2014.06.10 05:20:55.955,1.10062,1.10085,1.00,1.00
2014.06.10 05:20:56.056,1.10058,1.10083,1.25,1.69
2014.06.10 05:20:58.086,1.10061,1.10083,1.00,1.25
2014.06.10 05:20:58.647,1.10061,1.10084,1.00,1.69
2014.06.10 05:20:59.278,1.10061,1.10083,1.00,1.00
2014.06.10 05:21:02.490,1.10061,1.10084,1.00,1.50
2014.06.10 05:21:03.121,1.10061,1.10083,1.18,1.00
2014.06.10 05:21:03.639,1.10064,1.10084,1.19,1.00
2014.06.10 05:21:03.894,1.10064,1.10087,2.52,1.00
2014.06.10 05:21:03.945,1.10067,1.10087,1.19,1.00
2014.06.10 05:21:03.996,1.10067,1.10092,1.69,1.00
2014.06.10 05:21:04.668,1.10067,1.10091,1.77,1.00
2014.06.10 05:21:07.399,1.10067,1.1009,1.19,1.00
2014.06.10 05:21:07.450,1.10067,1.1009,1.25,1.00
2014.06.10 05:21:07.603,1.10065,1.10088,1.19,1.50
2014.06.10 05:21:07.756,1.10068,1.1009,1.10,1.00
2014.06.10 05:21:08.161,1.10068,1.10091,1.29,1.00
2014.06.10 05:21:08.610,1.1007,1.10095,1.25,1.38
2014.06.10 05:21:08.712,1.1007,1.10095,1.25,1.00
2014.06.10 05:21:08.989,1.1007,1.10095,1.25,1.38
2014.06.10 05:21:09.297,1.1007,1.1009,1.25,1.00
2014.06.10 05:21:09.810,1.1007,1.10095,1.25,1.50
2014.06.10 05:21:10.519,1.1007,1.10095,1.25,1.88
2014.06.10 05:21:11.358,1.1007,1.1009,1.25,1.00
2014.06.10 05:21:11.560,1.1007,1.10095,1.00,1.69
2014.06.10 05:21:13.145,1.1007,1.10095,1.00,1.00
2014.06.10 05:21:13.880,1.1007,1.10091,1.00,1.00
2014.06.10 05:21:14.888,1.1007,1.10095,1.00,1.69
2014.06.10 05:21:15.487,1.1007,1.10095,1.00,1.69
2014.06.10 05:21:16.667,1.1007,1.1009,1.00,1.00
2014.06.10 05:21:16.870,1.10068,1.1009,1.02,1.00
2014.06.10 05:21:22.162,1.10068,1.10091,1.00,1.50
2014.06.10 05:21:37.081,1.10068,1.1009,1.00,1.00
2014.06.10 05:21:51.885,1.10068,1.10091,1.00,1.50
2014.06.10 05:21:53.343,1.10068,1.10081,1.00,1.00
2014.06.10 05:21:53.494,1.10056,1.10074,3.57,1.00
2014.06.10 05:21:53.899,1.10056,1.10074,1.19,1.00
2014.06.10 05:21:53.949,1.10056,1.10071,1.19,1.00
2014.06.10 05:21:56.956,1.10054,1.10071,1.69,1.00
2014.06.10 05:22:00.292,1.10055,1.10071,1.19,1.00
2014.06.10 05:22:01.359,1.10056,1.10071,1.19,1.00
2014.06.10 05:22:02.378,1.10054,1.10071,1.69,1.00
2014.06.10 05:22:05.696,1.10054,1.10071,1.19,1.00
2014.06.10 05:22:09.716,1.10055,1.10071,1.19,1.00
2014.06.10 05:22:13.293,1.10054,1.10075,1.84,1.00
2014.06.10 05:22:13.394,1.10052,1.10075,1.27,1.50
2014.06.10 05:22:13.647,1.10052,1.1007,2.44,1.00
2014.06.10 05:22:17.648,1.10055,1.1007,1.00,1.00
2014.06.10 05:22:17.699,1.10055,1.10074,1.00,1.50
2014.06.10 05:22:17.801,1.10055,1.10077,1.00,1.00
2014.06.10 05:22:18.305,1.10054,1.10077,1.25,1.00
2014.06.10 05:22:18.810,1.10054,1.10077,1.19,1.00
2014.06.10 05:22:20.802,1.10054,1.10077,1.19,1.00
2014.06.10 05:22:26.650,1.10055,1.10077,1.19,1.00
2014.06.10 05:22:28.958,1.10055,1.10077,1.25,1.00
2014.06.10 05:22:30.362,1.10055,1.10077,1.19,1.00
2014.06.10 05:22:34.072,1.10055,1.10077,1.19,1.00
2014.06.10 05:22:44.396,1.10055,1.10077,1.19,1.00
2014.06.10 05:22:47.322,1.10055,1.10077,1.19,1.00
2014.06.10 05:22:48.834,1.10055,1.10077,1.19,1.00
2014.06.10 05:22:49.481,1.10055,1.1008,1.69,1.00
2014.06.10 05:22:53.817,1.10055,1.1008,1.69,1.38
2014.06.10 05:22:53.868,1.10055,1.1008,1.00,1.57
2014.06.10 05:22:53.970,1.10055,1.10079,1.00,2.14
2014.06.10 05:22:54.021,1.10051,1.10076,1.38,1.19
2014.06.10 05:22:54.121,1.10048,1.10073,1.94,1.00
2014.06.10 05:22:54.324,1.10048,1.10073,1.19,1.00
2014.06.10 05:22:58.451,1.1005,1.10073,1.19,1.00
2014.06.10 05:22:59.715,1.1005,1.10073,1.19,1.00
2014.06.10 05:23:00.730,1.1005,1.10073,1.69,1.00
2014.06.10 05:23:00.935,1.10048,1.10073,1.19,1.00
2014.06.10 05:23:02.621,1.10048,1.10073,1.19,1.00
2014.06.10 05:23:03.724,1.10048,1.10073,1.69,1.00
2014.06.10 05:23:05.635,1.10052,1.10073,1.19,1.00
2014.06.10 05:23:06.673,1.1005,1.10073,1.19,1.00
2014.06.10 05:23:08.267,1.1005,1.10073,1.19,1.00
2014.06.10 05:23:10.380,1.10051,1.10073,1.19,1.00
2014.06.10 05:23:11.349,1.10052,1.10073,1.19,1.00
2014.06.10 05:23:13.052,1.10049,1.10073,1.19,1.00
2014.06.10 05:23:14.459,1.10048,1.10073,1.29,1.00
2014.06.10 05:23:16.903,1.10048,1.10073,1.19,1.00
2014.06.10 05:23:18.115,1.10055,1.10073,1.00,1.00
2014.06.10 05:23:24.450,1.10052,1.10073,2.07,1.00
2014.06.10 05:23:25.171,1.10052,1.10073,2.07,1.00
2014.06.10 05:23:26.375,1.10052,1.10073,2.07,1.00
2014.06.10 05:23:28.725,1.10048,1.10073,1.77,1.00
2014.06.10 05:23:28.776,1.10048,1.10069,1.19,1.00
2014.06.10 05:23:28.878,1.10048,1.10073,1.69,1.00
2014.06.10 05:23:29.130,1.10048,1.10073,1.19,1.00
2014.06.10 05:23:30.635,1.10048,1.10073,1.25,1.00
2014.06.10 05:23:33.441,1.10048,1.10073,1.19,1.00
2014.06.10 05:23:36.209,1.10047,1.10069,2.07,1.00
2014.06.10 05:23:39.117,1.10047,1.10069,2.07,1.00
2014.06.10 05:23:44.898,1.10046,1.10069,3.57,1.00
2014.06.10 05:23:48.659,1.10047,1.10069,2.07,1.00
2014.06.10 05:23:50.920,1.10047,1.10069,2.07,1.00
2014.06.10 05:23:52.670,1.10046,1.10069,3.57,1.00
2014.06.10 05:23:53.926,1.10047,1.10069,2.07,1.00
2014.06.10 05:23:54.468,1.10049,1.10074,1.69,1.00
2014.06.10 05:23:57.169,1.10049,1.10074,1.19,1.00
2014.06.10 05:23:57.270,1.10049,1.10074,1.25,1.25
2014.06.10 05:23:58.356,1.10047,1.1007,2.07,1.00
2014.06.10 05:23:58.457,1.10047,1.1007,2.07,1.00
2014.06.10 05:24:03.709,1.10049,1.10072,1.00,1.25
2014.06.10 05:24:12.060,1.10049,1.10072,1.00,1.19
2014.06.10 05:24:12.658,1.10049,1.10072,1.25,1.00
2014.06.10 05:24:20.786,1.10049,1.10072,1.19,1.00
2014.06.10 05:24:22.604,1.10049,1.10072,1.25,1.00
2014.06.10 05:24:24.084,1.1005,1.10072,1.00,1.00
2014.06.10 05:24:24.389,1.10051,1.10075,1.00,1.00
2014.06.10 05:24:26.370,1.10051,1.10076,1.00,1.50
2014.06.10 05:24:26.623,1.10051,1.10076,1.00,1.69
2014.06.10 05:24:26.927,1.10049,1.10072,1.00,1.00
2014.06.10 05:24:35.016,1.10049,1.10072,1.69,1.00
2014.06.10 05:24:36.199,1.10049,1.10072,1.50,1.00
2014.06.10 05:24:43.665,1.10049,1.10072,1.19,1.00
2014.06.10 05:24:46.533,1.10049,1.10072,1.19,1.00
2014.06.10 05:24:50.943,1.10049,1.10072,1.19,1.00
2014.06.10 05:24:52.250,1.1005,1.10072,1.25,1.00
2014.06.10 05:24:57.336,1.10049,1.10072,1.25,1.00
2014.06.10 05:24:58.683,1.10049,1.10072,1.19,1.00
2014.06.10 05:25:09.075,1.10049,1.10072,1.25,1.00
2014.06.10 05:25:17.289,1.1005,1.10072,1.00,1.00
2014.06.10 05:25:18.624,1.10049,1.10072,1.00,1.00
2014.06.10 05:25:21.935,1.10049,1.10072,1.19,1.00
2014.06.10 05:25:23.399,1.10049,1.10072,1.00,1.00
2014.06.10 05:25:24.247,1.10047,1.10069,1.88,1.00
2014.06.10 05:25:24.653,1.10052,1.10075,1.69,1.00
2014.06.10 05:25:24.907,1.10055,1.10079,1.00,2.82
2014.06.10 05:25:25.750,1.10055,1.10079,1.00,1.00
2014.06.10 05:25:27.075,1.10054,1.10079,1.50,1.25
2014.06.10 05:25:27.429,1.10054,1.10076,1.00,1.00
2014.06.10 05:25:49.104,1.10051,1.10076,1.19,1.00
2014.06.10 05:25:49.622,1.10051,1.10076,1.19,1.00
2014.06.10 05:25:52.152,1.10051,1.10076,1.19,1.00
2014.06.10 05:25:54.392,1.10055,1.10076,1.00,1.00
2014.06.10 05:25:54.696,1.1006,1.10078,1.00,1.00
2014.06.10 05:25:54.747,1.1006,1.10081,1.00,1.25
2014.06.10 05:25:57.093,1.10058,1.10081,1.25,1.00
2014.06.10 05:25:58.182,1.10058,1.10081,1.19,1.00
2014.06.10 05:26:02.225,1.10058,1.10081,1.25,1.00
2014.06.10 05:26:05.383,1.10059,1.10081,1.00,1.00
2014.06.10 05:26:12.613,1.10058,1.10081,1.25,1.00
2014.06.10 05:26:13.394,1.10058,1.10081,1.19,1.00
2014.06.10 05:26:17.107,1.10058,1.10081,1.19,1.00
2014.06.10 05:26:18.112,1.10058,1.10081,1.25,1.00
2014.06.10 05:26:19.655,1.10058,1.1008,1.00,1.25
2014.06.10 05:26:20.819,1.10058,1.10081,1.00,1.00
2014.06.10 05:26:21.856,1.10059,1.10081,1.00,1.00
2014.06.10 05:26:22.614,1.10058,1.10081,1.25,1.00
2014.06.10 05:26:27.173,1.10058,1.1008,1.25,1.00
2014.06.10 05:26:27.677,1.10058,1.10081,1.25,1.00
2014.06.10 05:26:40.602,1.10059,1.10081,1.00,1.00
2014.06.10 05:26:44.921,1.10058,1.10081,1.00,1.00
2014.06.10 05:26:47.136,1.10058,1.1008,1.00,1.00
2014.06.10 05:26:47.339,1.10055,1.10078,1.25,1.00
2014.06.10 05:26:47.390,1.10055,1.10078,1.00,1.19
2014.06.10 05:26:47.693,1.10055,1.10078,1.00,2.63
2014.06.10 05:26:48.602,1.10055,1.10078,1.00,1.08
2014.06.10 05:26:48.756,1.10049,1.10071,1.00,1.00
2014.06.10 05:26:48.857,1.10046,1.10069,1.54,1.00
2014.06.10 05:26:49.161,1.10049,1.10068,1.19,1.00
2014.06.10 05:26:49.988,1.10046,1.10069,1.19,1.00
2014.06.10 05:26:51.003,1.10046,1.10069,1.25,1.00
2014.06.10 05:27:00.545,1.10046,1.10066,1.25,1.00
2014.06.10 05:27:00.849,1.10046,1.10069,1.69,1.00
2014.06.10 05:27:02.041,1.10046,1.10069,1.69,1.00
2014.06.10 05:27:03.134,1.10046,1.10069,1.19,1.00
2014.06.10 05:27:04.145,1.10046,1.10069,1.19,1.00
2014.06.10 05:27:06.630,1.10046,1.10069,1.19,1.00
2014.06.10 05:27:08.819,1.10046,1.10069,1.69,1.00
2014.06.10 05:27:09.253,1.10046,1.10065,1.69,1.00
2014.06.10 05:27:09.823,1.10046,1.10065,1.19,1.00
2014.06.10 05:27:11.655,1.1005,1.10069,1.00,1.00
2014.06.10 05:27:11.806,1.1005,1.10069,1.69,1.00
2014.06.10 05:27:11.857,1.10055,1.10078,1.00,1.00
2014.06.10 05:27:12.654,1.10058,1.10079,1.00,1.88
2014.06.10 05:27:12.891,1.10058,1.10081,1.25,1.00
2014.06.10 05:27:14.012,1.10058,1.10079,1.25,1.88
2014.06.10 05:27:14.913,1.10058,1.10078,1.25,1.88
2014.06.10 05:27:17.459,1.10058,1.10081,1.25,1.50
2014.06.10 05:27:17.561,1.10058,1.10078,1.33,1.88
2014.06.10 05:27:17.663,1.10058,1.10081,1.18,1.50
2014.06.10 05:27:17.715,1.10061,1.10084,1.00,1.88
2014.06.10 05:27:18.019,1.10064,1.10085,1.00,1.38
2014.06.10 05:27:18.171,1.10064,1.10085,1.00,1.00
2014.06.10 05:27:19.714,1.10064,1.10085,1.00,1.38
2014.06.10 05:27:20.018,1.10064,1.10081,1.00,1.00
2014.06.10 05:27:20.122,1.10059,1.10081,1.19,1.00
2014.06.10 05:27:20.943,1.10059,1.10081,1.00,1.00
2014.06.10 05:27:22.076,1.10059,1.10071,1.00,1.00
2014.06.10 05:27:22.229,1.10056,1.10071,1.00,1.00
2014.06.10 05:27:22.430,1.10053,1.10071,1.00,1.00
2014.06.10 05:27:22.532,1.1005,1.10071,1.19,1.00
2014.06.10 05:27:23.492,1.1005,1.10071,1.00,1.00
2014.06.10 05:27:24.447,1.1005,1.10071,1.19,1.00
2014.06.10 05:27:25.394,1.10048,1.10072,1.57,1.00
2014.06.10 05:27:25.547,1.10051,1.10076,1.69,1.50
2014.06.10 05:27:25.902,1.10051,1.10074,1.69,1.88
2014.06.10 05:27:26.408,1.10052,1.10073,1.25,1.88
2014.06.10 05:27:27.038,1.10051,1.10074,1.69,1.88
2014.06.10 05:27:27.444,1.10052,1.10073,1.19,1.88
2014.06.10 05:27:28.546,1.10051,1.10074,2.44,1.88
2014.06.10 05:27:29.068,1.10052,1.10076,1.34,1.00
2014.06.10 05:27:29.742,1.10051,1.10076,2.97,1.00
2014.06.10 05:27:29.793,1.10054,1.10078,1.02,1.88
2014.06.10 05:27:29.894,1.10055,1.10078,1.19,2.63
2014.06.10 05:27:30.201,1.1006,1.10079,1.47,1.00
2014.06.10 05:27:30.252,1.1006,1.10083,1.47,1.00
2014.06.10 05:27:31.199,1.10062,1.10078,1.19,1.88
2014.06.10 05:27:31.719,1.10062,1.10078,1.00,1.88
2014.06.10 05:27:32.242,1.10058,1.10081,1.19,1.00
2014.06.10 05:27:32.714,1.10058,1.10081,1.19,1.00
2014.06.10 05:27:33.155,1.10058,1.10078,1.00,1.88
2014.06.10 05:27:33.307,1.10055,1.10078,1.00,2.82
2014.06.10 05:27:33.358,1.10055,1.10075,1.00,1.00
2014.06.10 05:27:33.409,1.10052,1.10075,1.00,1.50
2014.06.10 05:27:33.765,1.10052,1.10073,1.00,1.88
2014.06.10 05:27:35.354,1.10052,1.10074,1.00,1.88
2014.06.10 05:27:35.995,1.10052,1.10075,1.00,1.50
2014.06.10 05:27:36.507,1.10052,1.10074,1.00,1.88
2014.06.10 05:27:36.867,1.10054,1.10073,1.00,1.88
2014.06.10 05:27:37.070,1.10052,1.10074,1.25,1.88
2014.06.10 05:27:37.427,1.10054,1.10075,1.00,1.00
2014.06.10 05:27:40.668,1.10054,1.10073,1.00,1.88
2014.06.10 05:27:40.820,1.10052,1.10073,1.25,1.88
2014.06.10 05:27:41.173,1.10054,1.10073,1.00,1.88
2014.06.10 05:27:41.375,1.10052,1.10074,1.25,1.88
2014.06.10 05:27:41.969,1.10052,1.10073,1.00,1.88
2014.06.10 05:27:42.130,1.10052,1.10071,1.00,1.00
2014.06.10 05:27:42.282,1.10049,1.10071,1.00,1.00
2014.06.10 05:27:42.453,1.10049,1.10068,1.00,1.88
2014.06.10 05:27:42.655,1.10049,1.10071,1.00,1.00
2014.06.10 05:27:43.162,1.10049,1.10069,1.00,1.88
2014.06.10 05:27:43.670,1.10049,1.10068,1.00,1.88
2014.06.10 05:27:43.721,1.10045,1.10068,1.19,1.88
2014.06.10 05:27:44.588,1.10045,1.10069,1.19,1.88
2014.06.10 05:27:45.185,1.10045,1.10068,1.19,1.88
2014.06.10 05:27:45.843,1.10045,1.10068,1.25,1.88
2014.06.10 05:27:47.211,1.10045,1.10069,1.25,1.88
2014.06.10 05:27:48.238,1.10045,1.10068,1.25,1.88
2014.06.10 05:27:49.220,1.10045,1.10069,1.25,1.88
2014.06.10 05:27:50.385,1.10046,1.10069,2.67,1.88
2014.06.10 05:27:50.688,1.10049,1.10068,1.29,1.88
2014.06.10 05:27:50.941,1.10049,1.10073,1.29,1.88
2014.06.10 05:27:51.444,1.10049,1.10074,1.29,2.63
2014.06.10 05:27:51.665,1.10049,1.10073,1.77,1.88
2014.06.10 05:27:52.774,1.10053,1.10074,1.25,1.88
2014.06.10 05:27:53.265,1.10048,1.10073,1.33,1.00
2014.06.10 05:27:53.316,1.10048,1.10069,1.25,1.88
2014.06.10 05:27:53.518,1.10046,1.10068,1.25,1.88
2014.06.10 05:27:55.037,1.10046,1.10069,1.25,2.63
2014.06.10 05:27:55.622,1.10046,1.10068,1.25,1.88
2014.06.10 05:27:57.229,1.10046,1.10069,1.25,2.63
2014.06.10 05:27:57.750,1.10046,1.10068,1.25,1.88
2014.06.10 05:27:58.405,1.10046,1.10069,1.25,2.63
2014.06.10 05:27:58.943,1.10046,1.10068,1.25,1.88
2014.06.10 05:27:59.614,1.10046,1.10066,1.25,1.00
2014.06.10 05:27:59.769,1.10041,1.10062,1.25,1.13
2014.06.10 05:28:01.297,1.10039,1.1006,3.19,1.00
2014.06.10 05:28:01.552,1.10045,1.10068,1.25,2.63
2014.06.10 05:28:02.676,1.10045,1.10068,1.19,1.00
2014.06.10 05:28:03.692,1.10045,1.10068,1.19,2.63
2014.06.10 05:28:04.272,1.10047,1.10069,1.00,1.88
2014.06.10 05:28:04.775,1.10047,1.1007,1.00,1.00
2014.06.10 05:28:05.181,1.10047,1.10068,1.00,1.88
2014.06.10 05:28:07.342,1.10047,1.10069,1.00,1.88
2014.06.10 05:28:08.067,1.10047,1.10068,1.00,1.88
2014.06.10 05:28:09.785,1.10047,1.10069,1.25,1.88
2014.06.10 05:28:10.303,1.10047,1.10068,1.00,1.88
2014.06.10 05:28:11.098,1.10047,1.1007,1.25,1.00
2014.06.10 05:28:11.199,1.10047,1.1007,1.40,1.00
2014.06.10 05:28:11.402,1.10049,1.10074,1.27,2.63
2014.06.10 05:28:11.452,1.10054,1.10074,1.00,1.88
2014.06.10 05:28:12.027,1.10054,1.10075,1.00,1.00
2014.06.10 05:28:19.121,1.10054,1.10071,1.25,1.00
2014.06.10 05:28:24.789,1.10054,1.10071,1.19,1.00
2014.06.10 05:28:25.373,1.10054,1.10076,1.19,1.00
2014.06.10 05:28:27.797,1.10055,1.10076,1.19,1.00
2014.06.10 05:28:28.102,1.10054,1.10075,1.19,1.00
2014.06.10 05:28:29.903,1.10054,1.10075,1.19,1.00
2014.06.10 05:28:31.111,1.10054,1.10075,1.19,1.00
2014.06.10 05:28:31.162,1.10054,1.10079,1.19,1.38
2014.06.10 05:28:31.213,1.10057,1.1008,1.19,1.00
2014.06.10 05:28:31.526,1.10057,1.10081,1.29,1.38
2014.06.10 05:28:32.231,1.10057,1.10081,1.29,1.00
2014.06.10 05:28:32.899,1.10057,1.10082,1.29,1.00
2014.06.10 05:28:34.460,1.10057,1.10082,1.29,1.00
2014.06.10 05:28:36.925,1.10057,1.10082,1.77,1.00
2014.06.10 05:28:38.171,1.10057,1.10082,1.29,1.00
2014.06.10 05:28:39.677,1.10057,1.10082,1.29,1.00
2014.06.10 05:28:42.076,1.10057,1.10082,1.02,1.25
2014.06.10 05:28:42.545,1.10057,1.10082,1.29,1.00
2014.06.10 05:28:44.532,1.10057,1.10082,1.19,1.38
2014.06.10 05:28:44.930,1.10057,1.10082,1.00,1.63
2014.06.10 05:28:45.304,1.10055,1.10078,1.25,1.00
2014.06.10 05:28:45.961,1.1005,1.10075,1.69,1.00
2014.06.10 05:28:46.682,1.1005,1.10075,1.25,1.00
2014.06.10 05:28:49.144,1.1005,1.10075,1.19,1.00
2014.06.10 05:28:53.095,1.1005,1.10075,1.25,1.25
2014.06.10 05:28:54.111,1.1005,1.10075,1.19,1.00
2014.06.10 05:28:56.165,1.1005,1.10075,1.19,1.00
2014.06.10 05:28:58.471,1.1005,1.10075,1.19,1.00
2014.06.10 05:29:05.911,1.1005,1.10075,1.00,1.00
2014.06.10 05:29:06.114,1.10046,1.10069,1.19,1.00
2014.06.10 05:29:06.215,1.10049,1.10072,1.00,1.00
2014.06.10 05:29:06.417,1.10049,1.10072,1.19,1.00
2014.06.10 05:29:06.720,1.10048,1.10069,1.19,1.00
2014.06.10 05:29:06.973,1.10046,1.10069,1.19,1.00
2014.06.10 05:29:08.115,1.10046,1.10069,1.69,1.00
2014.06.10 05:29:08.546,1.1005,1.10073,1.00,1.00
2014.06.10 05:29:09.279,1.1005,1.10073,1.19,1.00
2014.06.10 05:29:10.401,1.1005,1.10073,1.00,1.00
2014.06.10 05:29:10.604,1.1005,1.10073,1.00,1.19
2014.06.10 05:29:10.706,1.10046,1.10069,1.25,1.00
2014.06.10 05:29:12.901,1.10046,1.10069,1.00,1.19
2014.06.10 05:29:13.997,1.10045,1.10065,1.00,1.00
2014.06.10 05:29:14.149,1.10042,1.10065,1.00,1.00
2014.06.10 05:29:15.115,1.10045,1.10065,1.00,1.00
2014.06.10 05:29:18.767,1.10045,1.10068,1.50,2.63
2014.06.10 05:29:24.486,1.10044,1.10065,1.00,1.00
2014.06.10 05:29:25.011,1.10045,1.10065,1.00,1.00
2014.06.10 05:29:27.910,1.10042,1.10065,1.19,1.00
2014.06.10 05:29:28.011,1.10042,1.10065,1.25,1.00
2014.06.10 05:29:28.113,1.10044,1.10065,1.00,1.00
2014.06.10 05:29:28.315,1.10042,1.10065,1.25,1.00
2014.06.10 05:29:29.165,1.10042,1.10065,1.19,1.00
2014.06.10 05:29:30.224,1.10042,1.10065,1.19,1.00
2014.06.10 05:29:30.849,1.10042,1.10065,1.19,1.65
2014.06.10 05:29:30.951,1.1004,1.1006,1.00,1.00
2014.06.10 05:29:31.063,1.10042,1.1006,1.00,1.00
2014.06.10 05:29:31.648,1.10041,1.1006,1.00,1.00
2014.06.10 05:29:32.269,1.10041,1.1006,1.19,1.00
2014.06.10 05:29:33.350,1.10041,1.1006,1.19,1.00
2014.06.10 05:29:33.502,1.10044,1.10063,1.00,1.00
2014.06.10 05:29:33.705,1.10044,1.10067,1.50,1.00
2014.06.10 05:29:33.907,1.10046,1.10071,1.00,1.00
2014.06.10 05:29:40.552,1.10046,1.10071,1.19,1.00
2014.06.10 05:29:41.654,1.10046,1.10071,1.19,1.00
2014.06.10 05:29:43.985,1.10046,1.10071,1.19,1.00
2014.06.10 05:29:46.670,1.1005,1.10071,1.00,1.00
2014.06.10 05:29:48.109,1.10046,1.10071,1.25,1.25
2014.06.10 05:29:49.102,1.10049,1.10071,1.00,1.25
2014.06.10 05:29:49.696,1.10046,1.10071,1.00,1.25
2014.06.10 05:29:54.547,1.10046,1.10071,1.19,1.00
2014.06.10 05:29:57.929,1.10046,1.10071,1.25,1.00
2014.06.10 05:30:01.150,1.10046,1.10071,1.19,1.00
2014.06.10 05:30:03.569,1.10046,1.10071,1.25,1.25
2014.06.10 05:30:04.594,1.10046,1.10071,1.00,1.19
2014.06.10 05:30:05.763,1.10046,1.10071,1.25,1.25
2014.06.10 05:30:19.602,1.10046,1.10071,1.19,1.00
2014.06.10 05:30:22.904,1.10046,1.10071,1.25,1.00
2014.06.10 05:30:26.610,1.10046,1.10071,1.19,1.00
2014.06.10 05:30:30.142,1.10046,1.10071,1.00,1.25
2014.06.10 05:30:33.507,1.10046,1.10071,1.19,1.00
2014.06.10 05:30:34.102,1.10044,1.10073,1.19,2.82
2014.06.10 05:30:36.016,1.10044,1.10073,1.19,2.89
2014.06.10 05:30:36.650,1.10043,1.1007,1.39,1.00
2014.06.10 05:30:38.330,1.10041,1.1007,3.34,1.19
2014.06.10 05:30:41.340,1.10042,1.1007,3.15,1.19
2014.06.10 05:30:42.159,1.10041,1.1007,4.09,1.25
2014.06.10 05:30:43.209,1.10042,1.10068,1.74,1.88
2014.06.10 05:30:43.261,1.10042,1.1007,3.34,1.25
2014.06.10 05:30:44.057,1.10042,1.10068,1.74,1.88
2014.06.10 05:30:48.238,1.10043,1.10068,1.39,2.63
2014.06.10 05:30:52.557,1.10043,1.10068,1.39,2.63
2014.06.10 05:30:53.566,1.10043,1.10068,1.39,2.63
2014.06.10 05:30:57.417,1.10043,1.10068,1.39,2.63
2014.06.10 05:30:58.579,1.10043,1.10068,1.20,2.82
2014.06.10 05:31:00.914,1.10044,1.10068,1.00,1.25
2014.06.10 05:31:01.907,1.10045,1.10068,1.00,1.25
2014.06.10 05:31:15.302,1.10043,1.10068,1.19,2.63
2014.06.10 05:31:15.968,1.10043,1.10068,1.25,1.25
2014.06.10 05:31:17.827,1.10044,1.10068,1.00,1.25
2014.06.10 05:31:18.402,1.10045,1.10068,1.00,1.25
2014.06.10 05:31:22.357,1.10045,1.10068,1.00,1.18
2014.06.10 05:31:22.661,1.10045,1.10064,1.00,1.00
2014.06.10 05:31:26.138,1.10045,1.10068,1.25,2.63
2014.06.10 05:31:27.638,1.10049,1.10068,1.00,1.00
2014.06.10 05:31:28.097,1.10049,1.1007,1.00,1.00
2014.06.10 05:31:28.390,1.10047,1.1007,1.00,1.00
2014.06.10 05:31:28.925,1.10056,1.10075,1.38,1.10
2014.06.10 05:31:29.231,1.10065,1.10079,1.32,1.88
2014.06.10 05:31:29.334,1.10065,1.10081,1.32,1.00
2014.06.10 05:31:29.435,1.10065,1.10085,1.32,1.00
2014.06.10 05:31:29.675,1.10065,1.10088,2.07,1.00
2014.06.10 05:31:30.140,1.1007,1.10088,1.00,2.63
2014.06.10 05:31:35.655,1.10075,1.10088,1.00,2.63
2014.06.10 05:31:35.858,1.10075,1.10093,1.00,1.50
2014.06.10 05:31:36.373,1.10073,1.10094,1.00,1.88
2014.06.10 05:31:36.865,1.10073,1.10094,1.32,1.88
2014.06.10 05:31:37.385,1.10075,1.10093,1.19,1.88
2014.06.10 05:31:38.065,1.10075,1.10094,1.19,1.88
2014.06.10 05:31:38.616,1.10073,1.10093,1.19,1.88
2014.06.10 05:31:38.717,1.10073,1.10093,1.25,1.88
2014.06.10 05:31:39.292,1.10073,1.10094,1.25,1.88
2014.06.10 05:31:40.128,1.10073,1.10093,1.25,1.88
2014.06.10 05:31:40.639,1.10073,1.10094,1.25,1.88
2014.06.10 05:31:41.017,1.10073,1.10094,1.19,1.88
2014.06.10 05:31:41.625,1.10073,1.10093,1.19,1.88
2014.06.10 05:31:42.001,1.10073,1.10093,1.25,1.88
2014.06.10 05:31:42.504,1.10073,1.10094,1.25,1.88
2014.06.10 05:31:43.044,1.10073,1.10093,1.25,1.88
2014.06.10 05:31:43.921,1.10073,1.10094,1.25,1.88
2014.06.10 05:31:44.875,1.10073,1.10094,1.19,1.88
2014.06.10 05:31:45.429,1.10073,1.10093,1.19,1.88
2014.06.10 05:31:45.945,1.10074,1.10094,1.25,1.88
2014.06.10 05:31:46.753,1.10074,1.10093,1.25,1.88
2014.06.10 05:31:47.316,1.10074,1.10094,1.25,1.88
2014.06.10 05:31:47.910,1.10074,1.10093,1.25,1.88
2014.06.10 05:31:48.635,1.10074,1.10094,1.25,1.88
2014.06.10 05:31:49.296,1.10074,1.10093,1.25,1.88
2014.06.10 05:31:50.336,1.10074,1.10093,1.19,1.88
2014.06.10 05:31:51.117,1.10074,1.10094,1.19,1.88
2014.06.10 05:31:51.401,1.10074,1.10094,1.25,1.88
2014.06.10 05:31:52.038,1.10074,1.10093,1.25,1.88
2014.06.10 05:31:52.556,1.10074,1.10096,1.19,1.00
2014.06.10 05:31:53.138,1.10074,1.10093,1.19,1.88
2014.06.10 05:31:53.826,1.10074,1.10094,1.19,1.88
2014.06.10 05:31:54.660,1.10073,1.10094,1.19,1.88
2014.06.10 05:31:55.196,1.10073,1.10093,1.19,1.88
2014.06.10 05:31:55.348,1.10073,1.10096,1.19,1.00
2014.06.10 05:31:55.402,1.10073,1.10094,1.19,1.88
2014.06.10 05:31:55.918,1.10074,1.10093,1.25,1.88
2014.06.10 05:31:56.960,1.10074,1.10093,1.19,1.88
2014.06.10 05:31:57.570,1.10074,1.10094,1.19,1.88
2014.06.10 05:31:58.482,1.10074,1.10096,1.19,1.00
2014.06.10 05:31:58.690,1.10074,1.10094,1.25,1.88
2014.06.10 05:31:59.221,1.10074,1.10093,1.25,1.88
2014.06.10 05:32:00.137,1.10074,1.10094,1.25,1.88
2014.06.10 05:32:00.651,1.10074,1.10093,1.25,1.88
2014.06.10 05:32:02.327,1.10074,1.10093,1.19,1.88
2014.06.10 05:32:03.000,1.10073,1.10094,1.69,1.88
2014.06.10 05:32:03.523,1.10073,1.10093,1.19,1.88
2014.06.10 05:32:04.407,1.10073,1.10094,1.19,1.88
2014.06.10 05:32:04.913,1.10073,1.10093,1.00,1.88
2014.06.10 05:32:06.552,1.10073,1.10094,1.25,1.88
2014.06.10 05:32:07.089,1.10075,1.10093,1.00,1.88
2014.06.10 05:32:07.191,1.10073,1.10094,1.25,1.88
2014.06.10 05:32:07.726,1.10073,1.10093,1.25,1.88
2014.06.10 05:32:08.091,1.10075,1.10094,1.00,1.88
2014.06.10 05:32:08.244,1.10075,1.10096,1.00,1.00
2014.06.10 05:32:08.295,1.10076,1.10099,1.00,1.38
2014.06.10 05:32:08.819,1.10076,1.10099,1.00,1.00
2014.06.10 05:32:09.367,1.10077,1.10098,1.00,1.88
2014.06.10 05:32:09.675,1.10079,1.10098,1.00,1.88
2014.06.10 05:32:09.777,1.10079,1.10103,1.00,2.82
2014.06.10 05:32:09.879,1.10079,1.10103,1.19,2.63
2014.06.10 05:32:10.284,1.10078,1.10099,1.10,1.88
2014.06.10 05:32:10.813,1.10078,1.10098,1.00,1.88
2014.06.10 05:32:11.449,1.10078,1.10099,1.00,1.88
2014.06.10 05:32:11.781,1.10078,1.10103,1.57,1.00
2014.06.10 05:32:11.882,1.10078,1.10098,1.57,1.88
2014.06.10 05:32:13.745,1.10078,1.10099,1.57,1.88
2014.06.10 05:32:14.298,1.10078,1.10098,1.63,1.88
2014.06.10 05:32:14.826,1.10078,1.10099,1.63,1.88
2014.06.10 05:32:15.570,1.10078,1.10098,1.63,1.88
2014.06.10 05:32:16.769,1.10078,1.10099,1.63,1.88
2014.06.10 05:32:17.300,1.10078,1.10098,1.38,1.88
2014.06.10 05:32:17.998,1.10078,1.10099,1.38,1.88
2014.06.10 05:32:19.105,1.10078,1.10098,1.63,1.88
2014.06.10 05:32:34.335,1.10076,1.10098,1.00,1.00
2014.06.10 05:32:34.437,1.10078,1.10099,1.00,1.88
2014.06.10 05:32:34.741,1.10077,1.10098,1.57,1.88
2014.06.10 05:32:35.356,1.10077,1.10099,1.57,1.88
2014.06.10 05:32:35.877,1.10077,1.10098,2.07,1.88
2014.06.10 05:32:36.420,1.10077,1.10099,1.57,1.88
2014.06.10 05:32:37.070,1.10077,1.10098,2.07,1.88
2014.06.10 05:32:38.310,1.10077,1.10099,1.57,1.88
2014.06.10 05:32:39.201,1.10077,1.10098,2.07,1.88
2014.06.10 05:32:39.706,1.10077,1.10099,1.63,1.88
2014.06.10 05:32:40.517,1.10077,1.10098,2.07,1.88
2014.06.10 05:32:41.933,1.10077,1.10093,2.82,1.88
2014.06.10 05:32:42.844,1.10077,1.10094,1.57,1.88
2014.06.10 05:32:43.668,1.10077,1.10093,2.82,1.88
2014.06.10 05:32:44.332,1.10077,1.10094,1.57,1.88
2014.06.10 05:32:44.880,1.10077,1.10093,2.82,1.88
2014.06.10 05:32:45.235,1.10077,1.10098,2.07,1.88
2014.06.10 05:32:45.754,1.10077,1.10099,1.57,1.88
2014.06.10 05:32:46.312,1.10077,1.10098,2.07,1.88
2014.06.10 05:32:47.032,1.10077,1.10099,2.07,1.88
2014.06.10 05:32:47.239,1.10077,1.10094,2.07,1.88
2014.06.10 05:32:47.794,1.10077,1.10098,2.07,2.63
2014.06.10 05:32:48.319,1.10077,1.10097,2.07,1.00
2014.06.10 05:32:48.929,1.10077,1.10098,2.07,1.00
2014.06.10 05:32:49.030,1.10077,1.10093,2.82,1.88
2014.06.10 05:32:49.581,1.10077,1.10094,2.07,1.88
2014.06.10 05:32:50.103,1.10077,1.10093,2.82,1.88
2014.06.10 05:32:50.387,1.10077,1.10093,1.50,1.88
2014.06.10 05:32:50.541,1.10075,1.10094,1.00,1.88
2014.06.10 05:32:50.848,1.10072,1.10094,1.32,1.88
2014.06.10 05:32:51.364,1.10072,1.10093,2.14,1.88
2014.06.10 05:32:52.771,1.10072,1.10094,1.19,1.88
2014.06.10 05:32:53.709,1.10072,1.10089,1.19,1.88
2014.06.10 05:32:54.049,1.1007,1.10092,1.39,1.00
2014.06.10 05:32:54.575,1.10069,1.10092,2.22,1.00
2014.06.10 05:32:55.949,1.1007,1.10092,1.84,1.00
2014.06.10 05:32:57.026,1.10069,1.10092,1.84,1.00
2014.06.10 05:33:01.181,1.10068,1.10089,1.47,1.00
2014.06.10 05:33:01.282,1.10068,1.10089,1.20,1.00
2014.06.10 05:33:01.798,1.10068,1.10088,1.20,1.88
2014.06.10 05:33:01.968,1.10069,1.10089,1.19,2.63
2014.06.10 05:33:03.180,1.10068,1.10089,1.70,1.00
2014.06.10 05:33:03.827,1.10068,1.10089,2.07,1.00
2014.06.10 05:33:04.351,1.10067,1.10088,2.14,1.88
2014.06.10 05:33:04.881,1.10067,1.10089,1.67,2.63
2014.06.10 05:33:06.005,1.10067,1.10088,2.14,1.88
2014.06.10 05:33:06.537,1.10067,1.10089,1.67,2.63
2014.06.10 05:33:07.118,1.10067,1.10088,2.14,1.88
2014.06.10 05:33:08.568,1.10067,1.10089,1.67,2.63
2014.06.10 05:33:11.388,1.10067,1.10088,2.14,1.88
2014.06.10 05:33:11.638,1.10067,1.10088,2.14,1.88
2014.06.10 05:33:12.146,1.10067,1.10089,1.67,2.63
2014.06.10 05:33:13.739,1.10067,1.10088,1.67,1.88
2014.06.10 05:33:18.301,1.10066,1.10089,2.97,2.63
2014.06.10 05:33:19.763,1.10067,1.10088,2.07,1.88
2014.06.10 05:33:20.615,1.10066,1.10089,2.07,2.63
2014.06.10 05:33:21.128,1.10067,1.10088,1.57,1.88
2014.06.10 05:33:21.658,1.10067,1.10089,1.57,2.63
2014.06.10 05:33:22.203,1.10067,1.10088,2.07,1.88
2014.06.10 05:33:23.109,1.10067,1.10089,1.57,2.63
2014.06.10 05:33:23.641,1.10067,1.10088,2.07,1.88
2014.06.10 05:33:24.586,1.10067,1.10089,1.57,2.63
2014.06.10 05:33:25.108,1.10067,1.10088,2.07,1.88
2014.06.10 05:33:26.488,1.10067,1.10088,1.57,1.88
2014.06.10 05:33:29.078,1.10066,1.10089,2.07,2.63
2014.06.10 05:33:29.717,1.10066,1.10084,2.07,1.88
2014.06.10 05:33:29.928,1.10066,1.10083,1.25,1.88
2014.06.10 05:33:30.131,1.10063,1.10083,1.57,1.88
2014.06.10 05:33:30.794,1.10063,1.10084,1.57,1.88
2014.06.10 05:33:31.415,1.10063,1.10083,2.07,1.88
2014.06.10 05:33:31.718,1.10063,1.10083,2.07,1.88
2014.06.10 05:33:31.921,1.10061,1.10084,2.59,1.88
2014.06.10 05:33:32.022,1.10061,1.10079,1.77,1.88
2014.06.10 05:33:32.225,1.10061,1.10083,1.19,1.88
2014.06.10 05:33:33.017,1.1006,1.10083,1.39,1.88
2014.06.10 05:33:33.850,1.1006,1.10083,1.00,1.88
2014.06.10 05:33:34.017,1.10058,1.10081,1.67,1.00
2014.06.10 05:33:38.389,1.10059,1.10081,1.77,1.00
2014.06.10 05:33:38.490,1.10061,1.10083,1.57,1.88
2014.06.10 05:33:38.844,1.10063,1.10086,1.67,1.00
2014.06.10 05:33:39.072,1.10063,1.10086,1.67,1.00
2014.06.10 05:33:39.174,1.10063,1.10086,1.29,1.00
2014.06.10 05:33:39.275,1.10063,1.10084,1.29,1.88
2014.06.10 05:33:39.887,1.10063,1.10083,1.29,1.88
2014.06.10 05:33:40.879,1.10063,1.10084,1.29,1.88
2014.06.10 05:33:42.200,1.10063,1.10083,1.39,1.88
2014.06.10 05:33:43.431,1.10063,1.10084,1.29,1.88
2014.06.10 05:33:43.940,1.10063,1.10083,1.10,1.88
2014.06.10 05:33:44.509,1.1006,1.10083,1.19,1.88
2014.06.10 05:33:45.132,1.1006,1.10084,1.19,1.88
2014.06.10 05:33:45.930,1.1006,1.10084,1.19,1.88
2014.06.10 05:33:46.489,1.1006,1.10083,1.19,1.88
2014.06.10 05:33:47.750,1.1006,1.10081,1.19,1.00
2014.06.10 05:33:48.226,1.1006,1.10081,1.25,1.00
2014.06.10 05:33:48.399,1.10062,1.10084,1.38,1.88
2014.06.10 05:33:49.388,1.10064,1.10083,1.38,1.88
2014.06.10 05:33:49.692,1.10062,1.10081,1.38,1.25
2014.06.10 05:33:50.017,1.10062,1.10079,1.88,1.00
2014.06.10 05:33:50.119,1.10062,1.10081,2.07,1.00
2014.06.10 05:33:50.170,1.10069,1.10083,1.38,2.63
2014.06.10 05:33:50.271,1.10069,1.10088,1.38,1.88
2014.06.10 05:33:50.373,1.10069,1.10089,1.38,1.88
2014.06.10 05:33:50.878,1.10067,1.10088,1.63,2.63
2014.06.10 05:33:51.130,1.10066,1.10088,1.25,1.00
2014.06.10 05:33:51.181,1.10066,1.10086,1.25,1.00
2014.06.10 05:33:51.586,1.10062,1.10085,1.25,1.00
2014.06.10 05:33:53.799,1.10058,1.10083,1.19,2.63
2014.06.10 05:33:54.103,1.10055,1.10078,1.25,1.00
2014.06.10 05:33:54.658,1.10055,1.10076,1.25,1.00
2014.06.10 05:33:54.911,1.10055,1.10078,1.25,1.00
2014.06.10 05:33:55.200,1.10052,1.10075,1.25,1.00
2014.06.10 05:33:55.865,1.10052,1.10075,1.19,1.00
2014.06.10 05:33:56.389,1.10054,1.10075,1.00,1.00
2014.06.10 05:33:57.363,1.10054,1.10075,1.19,1.00
2014.06.10 05:33:57.514,1.10055,1.10078,1.09,1.00
2014.06.10 05:33:57.666,1.10062,1.10078,1.00,1.00
2014.06.10 05:33:57.717,1.10062,1.10082,1.50,1.25
2014.06.10 05:33:57.869,1.10067,1.10086,1.00,1.69
2014.06.10 05:33:57.973,1.10062,1.10086,1.00,1.69
2014.06.10 05:33:58.185,1.10067,1.10085,1.00,1.19
2014.06.10 05:33:58.286,1.10061,1.10085,1.00,1.19
2014.06.10 05:33:58.387,1.10059,1.10082,1.50,1.00
2014.06.10 05:33:58.910,1.1006,1.10082,1.00,1.00
2014.06.10 05:33:58.961,1.10061,1.10084,1.00,1.25
2014.06.10 05:33:59.374,1.1006,1.10082,1.00,1.00
2014.06.10 05:33:59.769,1.10062,1.10084,1.00,1.00
2014.06.10 05:34:00.098,1.10065,1.10083,1.00,1.50
2014.06.10 05:34:00.603,1.10061,1.10084,1.00,1.00
2014.06.10 05:34:01.108,1.10062,1.10083,1.00,1.50
2014.06.10 05:34:01.213,1.10066,1.10083,1.00,1.50
2014.06.10 05:34:01.314,1.10062,1.10083,1.00,1.00
2014.06.10 05:34:01.509,1.1006,1.10082,1.00,1.00
2014.06.10 05:34:01.828,1.10059,1.10078,1.00,1.00
2014.06.10 05:34:02.159,1.10057,1.10082,1.13,1.00
2014.06.10 05:34:03.019,1.10057,1.10082,1.00,1.19
2014.06.10 05:34:03.278,1.10055,1.10078,1.69,1.00
2014.06.10 05:34:03.708,1.10062,1.10083,1.50,1.34
2014.06.10 05:34:04.022,1.10058,1.10081,1.00,1.00
2014.06.10 05:34:04.073,1.10061,1.10081,1.00,1.00
2014.06.10 05:34:04.124,1.10062,1.10083,1.00,1.25
2014.06.10 05:34:04.232,1.10067,1.10083,1.00,1.25
2014.06.10 05:34:04.536,1.10061,1.1008,1.00,1.00
2014.06.10 05:34:04.587,1.10058,1.10081,1.00,1.00
2014.06.10 05:34:04.639,1.10061,1.10081,1.50,1.00
2014.06.10 05:34:04.690,1.10062,1.10083,1.00,1.25
2014.06.10 05:34:05.144,1.10058,1.10081,1.00,1.00
2014.06.10 05:34:05.828,1.10059,1.10081,1.00,1.00
2014.06.10 05:34:06.355,1.1006,1.10081,1.00,1.00
2014.06.10 05:34:09.719,1.10062,1.10081,1.00,1.00
2014.06.10 05:34:09.943,1.10061,1.10084,1.50,1.69
2014.06.10 05:34:10.044,1.10067,1.10083,1.00,1.00
2014.06.10 05:34:10.146,1.10062,1.10083,2.25,1.00
