2011.01.12 19:00:04.510,1.30577,1.30603,2.25,1.50
2011.01.12 19:00:09.163,1.30578,1.30607,2.25,1.50
2011.01.12 19:00:10.842,1.30579,1.30607,1.88,1.50
2011.01.12 19:00:11.416,1.30579,1.30607,1.88,1.69
2011.01.12 19:00:11.542,1.30575,1.30602,2.25,1.50
2011.01.12 19:00:13.742,1.30574,1.30598,1.88,1.50
2011.01.12 19:00:13.855,1.30574,1.30603,1.88,3.19
2011.01.12 19:00:13.976,1.30574,1.30603,1.88,2.44
2011.01.12 19:00:14.625,1.30577,1.30603,1.88,1.69
2011.01.12 19:00:15.642,1.30577,1.306,1.88,1.69
2011.01.12 19:00:15.985,1.30572,1.30594,1.88,1.69
2011.01.12 19:00:16.583,1.30572,1.30594,2.25,1.69
2011.01.12 19:00:16.703,1.30576,1.30604,2.25,1.50
2011.01.12 19:00:16.825,1.30576,1.3061,2.25,1.13
2011.01.12 19:00:16.941,1.30586,1.3062,2.25,1.69
2011.01.12 19:00:18.085,1.30585,1.30614,2.25,1.50
2011.01.12 19:00:18.789,1.30589,1.3062,1.88,1.69
2011.01.12 19:00:19.842,1.30588,1.3062,1.88,1.69
2011.01.12 19:00:20.390,1.30589,1.3062,1.88,1.69
2011.01.12 19:00:21.601,1.30589,1.30614,1.88,1.50
2011.01.12 19:00:22.634,1.30589,1.30614,1.88,3.19
2011.01.12 19:00:22.973,1.30587,1.30614,1.88,3.19
2011.01.12 19:00:24.115,1.30585,1.30614,1.88,3.19
2011.01.12 19:00:25.374,1.30584,1.30608,1.88,2.67
2011.01.12 19:00:25.605,1.30582,1.30613,2.25,1.32
2011.01.12 19:00:26.287,1.30588,1.30613,1.88,1.32
2011.01.12 19:00:27.369,1.30585,1.30613,2.25,1.32
2011.01.12 19:00:29.275,1.30585,1.30609,2.25,1.69
2011.01.12 19:00:29.393,1.30585,1.30608,2.25,1.73
2011.01.12 19:00:30.092,1.30598,1.30627,2.25,1.50
2011.01.12 19:00:30.206,1.30598,1.30643,2.25,2.48
2011.01.12 19:00:30.433,1.30607,1.30648,2.25,1.50
2011.01.12 19:00:30.772,1.30615,1.30643,2.25,1.50
2011.01.12 19:00:31.714,1.30619,1.30643,1.88,1.50
2011.01.12 19:00:32.307,1.30618,1.30643,2.25,1.50
2011.01.12 19:00:32.532,1.30618,1.30648,2.25,1.69
2011.01.12 19:00:32.871,1.30618,1.30643,2.25,1.73
2011.01.12 19:00:33.245,1.30618,1.30639,2.25,1.73
2011.01.12 19:00:33.364,1.30618,1.3065,2.25,2.48
2011.01.12 19:00:34.015,1.30624,1.30645,1.88,1.92
2011.01.12 19:00:34.362,1.30622,1.30642,1.88,2.48
2011.01.12 19:00:34.596,1.30615,1.30635,2.25,1.50
2011.01.12 19:00:35.274,1.30612,1.30636,2.25,1.50
2011.01.12 19:00:35.853,1.30619,1.30636,1.88,1.50
2011.01.12 19:00:41.882,1.3062,1.30638,1.88,3.23
2011.01.12 19:00:42.335,1.30618,1.30637,1.88,1.50
2011.01.12 19:00:43.036,1.30618,1.30636,1.88,1.50
2011.01.12 19:00:43.163,1.30614,1.30631,1.88,1.50
2011.01.12 19:00:43.287,1.30623,1.30631,1.88,1.50
2011.01.12 19:00:43.890,1.30607,1.30631,2.25,1.50
2011.01.12 19:00:44.012,1.30604,1.30623,2.25,1.50
2011.01.12 19:00:44.834,1.30609,1.30627,1.88,1.50
2011.01.12 19:00:45.576,1.30608,1.30627,1.88,1.50
2011.01.12 19:00:46.142,1.30604,1.30627,2.25,1.50
2011.01.12 19:00:47.051,1.30602,1.30627,2.25,1.69
2011.01.12 19:00:47.852,1.30602,1.30627,2.25,1.50
2011.01.12 19:00:48.875,1.30608,1.3063,1.88,1.69
2011.01.12 19:00:49.104,1.30607,1.30627,2.25,1.69
2011.01.12 19:00:49.890,1.30607,1.30627,2.25,1.50
2011.01.12 19:00:53.024,1.30608,1.3063,1.88,1.50
2011.01.12 19:00:53.143,1.30608,1.30632,1.88,1.50
2011.01.12 19:00:53.764,1.30617,1.30643,1.88,2.44
2011.01.12 19:00:53.882,1.30615,1.30643,1.88,2.44
2011.01.12 19:00:54.102,1.30617,1.30643,1.88,2.44
2011.01.12 19:00:54.685,1.30617,1.30643,1.88,1.69
2011.01.12 19:00:55.211,1.30618,1.30643,1.88,1.69
2011.01.12 19:00:57.262,1.30617,1.30643,1.88,1.69
2011.01.12 19:00:57.814,1.30616,1.30643,1.88,1.69
2011.01.12 19:00:58.464,1.30618,1.30643,1.88,1.69
2011.01.12 19:00:58.912,1.30614,1.30643,1.88,2.44
2011.01.12 19:00:59.562,1.30614,1.30643,2.25,2.44
2011.01.12 19:01:00.043,1.3061,1.30634,2.25,1.50
2011.01.12 19:01:01.553,1.30613,1.30643,2.25,1.50
2011.01.12 19:01:01.772,1.3062,1.30643,1.88,1.50
2011.01.12 19:01:01.883,1.30623,1.30643,1.88,1.50
2011.01.12 19:01:02.501,1.30627,1.30643,1.88,1.50
2011.01.12 19:01:02.623,1.30609,1.30647,1.88,1.92
2011.01.12 19:01:02.997,1.30613,1.30647,1.88,1.92
2011.01.12 19:01:03.723,1.30616,1.30647,1.88,1.92
2011.01.12 19:01:04.352,1.30615,1.3064,1.88,1.73
2011.01.12 19:01:04.484,1.30608,1.30644,1.88,2.25
2011.01.12 19:01:05.493,1.30619,1.30644,1.88,1.50
2011.01.12 19:01:07.083,1.30634,1.30653,1.88,1.50
2011.01.12 19:01:07.321,1.30632,1.30653,1.88,1.50
2011.01.12 19:01:08.441,1.30632,1.30643,1.88,1.50
2011.01.12 19:01:08.661,1.30627,1.30643,1.88,1.50
2011.01.12 19:01:10.151,1.30628,1.30643,1.88,1.50
2011.01.12 19:01:10.748,1.30625,1.30643,1.88,1.50
2011.01.12 19:01:10.865,1.30623,1.30643,1.88,1.50
2011.01.12 19:01:10.981,1.30617,1.30643,1.88,1.50
2011.01.12 19:01:11.991,1.30615,1.30643,1.88,1.50
2011.01.12 19:01:13.614,1.30614,1.30643,1.88,1.50
2011.01.12 19:01:14.241,1.30615,1.30643,1.88,1.50
2011.01.12 19:01:14.355,1.30612,1.30643,1.88,1.50
2011.01.12 19:01:15.771,1.3061,1.30643,1.88,1.50
2011.01.12 19:01:16.617,1.3061,1.30643,1.88,2.44
2011.01.12 19:01:16.743,1.30609,1.30641,1.88,2.48
2011.01.12 19:01:16.853,1.30609,1.30634,1.88,1.50
2011.01.12 19:01:17.431,1.30604,1.30634,2.25,1.50
2011.01.12 19:01:17.773,1.30625,1.30654,2.25,1.50
2011.01.12 19:01:19.203,1.30627,1.30654,2.25,2.44
2011.01.12 19:01:21.042,1.30621,1.30648,2.25,1.73
2011.01.12 19:01:21.692,1.30621,1.30647,2.25,1.73
2011.01.12 19:01:22.029,1.30621,1.30647,1.88,2.67
2011.01.12 19:01:22.629,1.30613,1.3064,2.25,2.48
2011.01.12 19:01:24.575,1.30614,1.30632,2.25,1.69
2011.01.12 19:01:24.698,1.30615,1.30631,1.88,1.69
2011.01.12 19:01:25.405,1.30597,1.30631,2.25,1.69
2011.01.12 19:01:25.528,1.30599,1.30632,1.88,1.50
2011.01.12 19:01:25.644,1.30599,1.30631,1.88,1.50
2011.01.12 19:01:26.796,1.30596,1.30627,2.63,1.50
2011.01.12 19:01:27.356,1.30596,1.30634,2.63,1.50
2011.01.12 19:01:28.721,1.30608,1.30642,2.25,1.32
2011.01.12 19:01:28.843,1.30618,1.30643,1.88,1.50
2011.01.12 19:01:29.641,1.30619,1.30644,1.88,1.50
2011.01.12 19:01:29.872,1.3062,1.30643,1.88,1.50
2011.01.12 19:01:30.105,1.30618,1.30643,1.88,1.50
2011.01.12 19:01:32.043,1.30617,1.30643,1.88,1.69
2011.01.12 19:01:32.172,1.30607,1.30629,1.88,1.50
2011.01.12 19:01:32.513,1.30604,1.30629,1.88,1.50
2011.01.12 19:01:33.210,1.30597,1.30626,2.25,1.50
2011.01.12 19:01:33.335,1.30597,1.30624,1.88,1.69
2011.01.12 19:01:33.673,1.30593,1.30621,1.88,1.50
2011.01.12 19:01:34.019,1.30591,1.30621,1.88,1.50
2011.01.12 19:01:35.901,1.30591,1.30621,1.88,1.50
2011.01.12 19:01:36.231,1.30588,1.30614,1.88,1.50
2011.01.12 19:01:36.913,1.30586,1.30613,1.88,1.13
2011.01.12 19:01:37.143,1.30587,1.30614,2.25,1.50
2011.01.12 19:01:37.372,1.30599,1.30623,1.88,1.50
2011.01.12 19:01:38.039,1.30601,1.30623,1.88,1.50
2011.01.12 19:01:38.592,1.30599,1.30623,1.88,1.50
2011.01.12 19:01:39.686,1.30598,1.30623,1.88,1.50
2011.01.12 19:01:39.803,1.30598,1.30632,1.88,1.13
2011.01.12 19:01:39.923,1.30598,1.3063,1.88,1.13
2011.01.12 19:01:40.619,1.30597,1.30623,2.25,1.50
2011.01.12 19:01:40.846,1.306,1.30633,1.88,2.44
2011.01.12 19:01:40.964,1.306,1.30633,1.88,2.44
2011.01.12 19:01:41.526,1.30601,1.30632,1.88,1.50
2011.01.12 19:01:41.646,1.30601,1.30631,1.88,1.50
2011.01.12 19:01:42.061,1.30599,1.30631,1.88,1.50
2011.01.12 19:01:42.793,1.30599,1.30631,2.25,1.50
2011.01.12 19:01:44.228,1.30603,1.30633,2.25,2.25
2011.01.12 19:01:44.350,1.30603,1.30633,2.25,1.50
2011.01.12 19:01:44.695,1.30613,1.30643,2.25,1.50
2011.01.12 19:01:45.247,1.30624,1.30644,1.88,1.50
2011.01.12 19:01:45.371,1.30624,1.30653,1.88,2.25
2011.01.12 19:01:46.137,1.30622,1.30653,1.88,2.25
2011.01.12 19:01:46.603,1.30624,1.30653,1.88,2.25
2011.01.12 19:01:47.467,1.30625,1.30653,1.88,2.25
2011.01.12 19:01:49.107,1.30624,1.30653,1.88,2.25
2011.01.12 19:01:49.726,1.30624,1.30651,1.88,1.50
2011.01.12 19:01:50.077,1.3062,1.30641,1.88,1.92
2011.01.12 19:01:50.199,1.30618,1.30641,1.88,1.92
2011.01.12 19:01:50.766,1.30613,1.30634,1.88,1.50
2011.01.12 19:01:50.883,1.30608,1.30634,1.88,1.50
2011.01.12 19:01:53.423,1.30608,1.30634,1.88,1.69
2011.01.12 19:01:54.060,1.30606,1.30634,1.88,2.44
2011.01.12 19:01:54.173,1.30602,1.30634,1.88,2.44
2011.01.12 19:01:56.516,1.30603,1.30634,1.88,2.44
2011.01.12 19:01:57.493,1.30603,1.30633,1.88,1.69
2011.01.12 19:01:58.121,1.30603,1.30629,1.88,2.48
2011.01.12 19:01:58.239,1.30598,1.30624,1.88,1.50
2011.01.12 19:01:59.058,1.30599,1.30624,1.88,1.50
2011.01.12 19:01:59.860,1.30601,1.30624,1.88,1.50
2011.01.12 19:02:00.876,1.30601,1.3063,1.88,1.69
2011.01.12 19:02:02.514,1.30604,1.30634,1.88,2.44
2011.01.12 19:02:03.145,1.30605,1.30634,1.88,2.44
2011.01.12 19:02:03.592,1.30601,1.30634,1.88,2.44
2011.01.12 19:02:04.462,1.30602,1.30634,1.88,2.44
2011.01.12 19:02:05.532,1.30607,1.30634,1.88,2.25
2011.01.12 19:02:06.460,1.30606,1.30634,1.88,1.50
2011.01.12 19:02:06.821,1.30608,1.30634,1.88,1.50
2011.01.12 19:02:07.601,1.30607,1.30634,1.88,2.25
2011.01.12 19:02:09.174,1.30605,1.30634,1.88,1.50
2011.01.12 19:02:09.623,1.30607,1.30634,1.88,1.50
2011.01.12 19:02:10.208,1.30607,1.3063,1.88,1.50
2011.01.12 19:02:10.441,1.30604,1.3063,1.88,1.50
2011.01.12 19:02:11.356,1.30604,1.30624,1.88,1.50
2011.01.12 19:02:11.480,1.306,1.30624,1.88,1.50
2011.01.12 19:02:12.144,1.306,1.30631,1.88,1.50
2011.01.12 19:02:12.270,1.30605,1.30633,2.25,1.50
2011.01.12 19:02:13.028,1.30603,1.30633,1.88,1.50
2011.01.12 19:02:13.155,1.30604,1.30629,2.25,1.50
2011.01.12 19:02:13.745,1.30609,1.30635,2.25,1.50
2011.01.12 19:02:13.874,1.3061,1.3063,2.25,1.50
2011.01.12 19:02:16.112,1.30604,1.30633,2.25,3.00
2011.01.12 19:02:17.406,1.30617,1.30649,2.25,1.50
2011.01.12 19:02:18.331,1.30628,1.30645,2.25,1.50
2011.01.12 19:02:19.814,1.30623,1.3064,2.25,1.50
2011.01.12 19:02:21.089,1.30617,1.30635,2.25,1.50
2011.01.12 19:02:21.856,1.30616,1.30634,1.88,1.50
2011.01.12 19:02:21.987,1.30616,1.3064,1.88,1.50
2011.01.12 19:02:22.103,1.30622,1.3064,1.88,1.50
2011.01.12 19:02:22.996,1.30624,1.30648,1.88,1.50
2011.01.12 19:02:23.124,1.30623,1.30649,1.88,1.50
2011.01.12 19:02:23.715,1.30622,1.3065,1.88,1.50
2011.01.12 19:02:23.843,1.30622,1.30642,1.88,1.50
2011.01.12 19:02:24.527,1.30623,1.30642,1.88,1.50
2011.01.12 19:02:24.645,1.30626,1.30643,1.88,1.50
2011.01.12 19:02:25.222,1.30624,1.30643,1.88,1.50
2011.01.12 19:02:25.925,1.30625,1.30643,1.88,1.50
2011.01.12 19:02:26.883,1.3062,1.30643,1.88,1.50
2011.01.12 19:02:27.010,1.30616,1.30636,1.88,1.50
2011.01.12 19:02:27.126,1.30605,1.30654,2.63,3.00
2011.01.12 19:02:27.247,1.30605,1.3065,1.88,1.50
2011.01.12 19:02:27.788,1.30614,1.3065,2.25,1.50
2011.01.12 19:02:27.915,1.30614,1.30636,1.88,1.50
2011.01.12 19:02:28.033,1.30611,1.30636,1.88,1.50
2011.01.12 19:02:28.931,1.3062,1.30636,1.88,1.50
2011.01.12 19:02:29.254,1.30619,1.30636,2.25,1.50
2011.01.12 19:02:29.859,1.30616,1.30636,1.88,1.50
2011.01.12 19:02:29.982,1.30613,1.30628,1.88,1.50
2011.01.12 19:02:30.669,1.30611,1.30628,1.88,1.50
2011.01.12 19:02:30.791,1.30617,1.30628,1.88,1.50
2011.01.12 19:02:31.454,1.30616,1.30627,1.88,1.50
2011.01.12 19:02:32.039,1.30611,1.30627,1.88,1.50
2011.01.12 19:02:32.701,1.30612,1.30627,1.88,1.50
2011.01.12 19:02:34.045,1.30609,1.30631,1.88,1.50
2011.01.12 19:02:34.684,1.30613,1.30638,1.88,1.50
2011.01.12 19:02:34.802,1.30613,1.30644,2.63,3.00
2011.01.12 19:02:34.918,1.3062,1.30642,2.63,1.50
2011.01.12 19:02:35.734,1.30626,1.30647,1.88,1.50
2011.01.12 19:02:35.992,1.30631,1.30648,1.88,1.50
2011.01.12 19:02:36.344,1.3063,1.30654,1.88,2.25
2011.01.12 19:02:36.840,1.30625,1.30647,1.88,1.50
2011.01.12 19:02:38.133,1.3062,1.30647,1.88,1.50
2011.01.12 19:02:38.254,1.30622,1.30647,1.88,1.50
2011.01.12 19:02:38.957,1.30619,1.30642,1.88,1.50
2011.01.12 19:02:39.564,1.30618,1.30642,1.88,1.50
2011.01.12 19:02:40.157,1.30617,1.30642,1.88,1.50
2011.01.12 19:02:40.778,1.30618,1.30642,1.88,1.50
2011.01.12 19:02:41.856,1.3062,1.30638,1.88,1.50
2011.01.12 19:02:43.353,1.30625,1.30638,1.88,1.50
2011.01.12 19:02:44.939,1.30621,1.30642,1.88,1.50
2011.01.12 19:02:45.063,1.30623,1.30652,1.88,1.50
2011.01.12 19:02:45.573,1.30624,1.30647,1.88,1.50
2011.01.12 19:02:46.116,1.3062,1.30647,1.88,1.50
2011.01.12 19:02:46.256,1.30618,1.30642,2.25,1.50
2011.01.12 19:02:46.828,1.30621,1.30642,1.88,1.50
2011.01.12 19:02:46.943,1.30615,1.30642,1.88,1.50
2011.01.12 19:02:47.722,1.30615,1.30642,2.25,1.50
2011.01.12 19:02:48.754,1.30619,1.30644,2.25,1.50
2011.01.12 19:02:48.878,1.30619,1.30647,2.25,1.50
2011.01.12 19:02:49.102,1.30619,1.30647,2.25,1.50
2011.01.12 19:02:49.724,1.30617,1.30643,1.88,3.19
2011.01.12 19:02:49.955,1.30614,1.30639,1.88,1.50
2011.01.12 19:02:50.073,1.30612,1.30639,1.88,1.50
2011.01.12 19:02:51.100,1.30614,1.30643,1.88,3.00
2011.01.12 19:02:51.644,1.30613,1.30643,1.88,3.00
2011.01.12 19:02:52.238,1.30615,1.30643,1.88,3.00
2011.01.12 19:02:52.572,1.30619,1.30643,1.88,3.00
2011.01.12 19:02:54.010,1.30619,1.30646,1.88,1.50
2011.01.12 19:02:54.958,1.3062,1.30641,1.88,1.50
2011.01.12 19:02:55.294,1.30616,1.30641,1.88,1.50
2011.01.12 19:02:55.876,1.30612,1.30641,1.88,1.50
2011.01.12 19:02:57.042,1.30614,1.30641,1.88,1.50
2011.01.12 19:02:57.979,1.30614,1.30639,1.88,1.50
2011.01.12 19:02:59.136,1.30612,1.30639,1.88,1.50
2011.01.12 19:02:59.694,1.30614,1.30639,1.88,1.50
2011.01.12 19:03:00.785,1.30614,1.30638,1.88,1.69
2011.01.12 19:03:01.136,1.30604,1.30636,2.25,1.50
2011.01.12 19:03:01.754,1.30616,1.30641,2.25,1.50
2011.01.12 19:03:03.166,1.30629,1.30644,1.88,1.50
2011.01.12 19:03:03.636,1.30629,1.30647,1.88,1.50
2011.01.12 19:03:03.758,1.30622,1.30647,1.88,1.50
2011.01.12 19:03:03.872,1.30624,1.30647,1.88,1.50
2011.01.12 19:03:04.540,1.30626,1.30647,1.88,1.50
2011.01.12 19:03:05.615,1.30625,1.30647,1.88,1.69
2011.01.12 19:03:05.928,1.30623,1.30647,1.88,1.69
2011.01.12 19:03:06.762,1.30624,1.3065,2.25,1.50
2011.01.12 19:03:07.438,1.30628,1.30661,2.25,1.69
2011.01.12 19:03:08.018,1.30628,1.30663,2.25,1.50
2011.01.12 19:03:08.144,1.30639,1.30674,1.88,2.25
2011.01.12 19:03:08.266,1.30641,1.30674,1.88,2.25
2011.01.12 19:03:08.960,1.30639,1.30668,1.88,1.50
2011.01.12 19:03:09.760,1.30633,1.30663,1.88,1.50
2011.01.12 19:03:14.527,1.30634,1.30663,1.88,1.50
2011.01.12 19:03:17.793,1.30631,1.30663,1.88,1.50
2011.01.12 19:03:17.915,1.30631,1.30657,1.88,1.50
2011.01.12 19:03:18.033,1.30628,1.30657,2.25,1.50
2011.01.12 19:03:19.529,1.30626,1.30657,2.25,1.50
2011.01.12 19:03:20.575,1.30627,1.30663,2.25,2.25
2011.01.12 19:03:21.176,1.30634,1.30663,2.25,1.50
2011.01.12 19:03:21.303,1.30636,1.30667,2.25,1.69
2011.01.12 19:03:21.853,1.30636,1.30667,2.25,1.69
2011.01.12 19:03:24.860,1.30637,1.30671,2.25,1.69
2011.01.12 19:03:25.994,1.30641,1.30671,1.88,1.50
2011.01.12 19:03:26.448,1.30643,1.3067,1.88,1.50
2011.01.12 19:03:27.024,1.30643,1.30674,2.25,2.25
2011.01.12 19:03:27.143,1.30643,1.30678,2.25,1.50
2011.01.12 19:03:28.578,1.3065,1.30671,1.88,1.69
2011.01.12 19:03:28.700,1.30642,1.30671,1.88,1.69
2011.01.12 19:03:29.275,1.30642,1.30666,1.88,1.69
2011.01.12 19:03:29.402,1.30633,1.30665,2.25,1.69
2011.01.12 19:03:32.303,1.30635,1.30669,2.25,1.50
2011.01.12 19:03:32.742,1.30639,1.30669,1.88,1.50
2011.01.12 19:03:33.449,1.30639,1.30669,1.88,1.69
2011.01.12 19:03:33.792,1.30642,1.30669,2.25,1.50
2011.01.12 19:03:33.908,1.30642,1.30674,2.25,3.19
2011.01.12 19:03:38.753,1.30643,1.30677,2.25,1.50
2011.01.12 19:03:39.219,1.30643,1.30681,2.25,2.07
2011.01.12 19:03:39.346,1.30651,1.30681,2.25,1.50
2011.01.12 19:03:39.470,1.30658,1.30689,2.25,1.50
2011.01.12 19:03:39.587,1.30658,1.30688,2.25,1.69
2011.01.12 19:03:40.325,1.30652,1.30683,1.88,3.19
2011.01.12 19:03:40.453,1.30645,1.30669,1.88,1.50
2011.01.12 19:03:41.156,1.30639,1.30669,1.88,1.50
2011.01.12 19:03:41.285,1.30626,1.30653,1.50,1.50
2011.01.12 19:03:42.374,1.30628,1.30659,1.88,1.50
2011.01.12 19:03:43.814,1.30637,1.30659,1.50,1.50
2011.01.12 19:03:45.343,1.30627,1.30659,1.88,1.50
2011.01.12 19:03:46.499,1.30624,1.30652,1.88,1.50
2011.01.12 19:03:48.746,1.30617,1.30647,2.25,1.50
2011.01.12 19:03:51.271,1.30614,1.30653,2.25,2.25
2011.01.12 19:03:51.384,1.30614,1.30654,2.25,1.50
2011.01.12 19:03:52.524,1.30638,1.30674,2.25,1.69
2011.01.12 19:03:53.133,1.30644,1.30674,2.25,1.50
2011.01.12 19:03:53.870,1.30648,1.30674,1.88,1.50
2011.01.12 19:03:54.921,1.30646,1.30674,2.25,1.50
2011.01.12 19:03:59.945,1.3065,1.30674,1.88,1.50
2011.01.12 19:04:00.573,1.3065,1.30684,1.88,3.00
2011.01.12 19:04:01.134,1.3065,1.30684,1.88,1.50
2011.01.12 19:04:01.364,1.30653,1.30684,1.88,1.50
2011.01.12 19:04:01.702,1.30653,1.30689,1.88,1.50
2011.01.12 19:04:02.164,1.30657,1.30689,1.88,1.50
2011.01.12 19:04:02.516,1.30656,1.30693,1.88,1.50
2011.01.12 19:04:02.633,1.30656,1.30693,2.25,1.50
2011.01.12 19:04:03.229,1.30657,1.30684,2.25,1.50
2011.01.12 19:04:04.361,1.30665,1.30694,2.25,1.50
2011.01.12 19:04:06.831,1.30665,1.30694,2.25,1.50
2011.01.12 19:04:07.475,1.30665,1.30693,2.25,1.50
2011.01.12 19:04:10.760,1.30665,1.30697,2.25,1.50
2011.01.12 19:04:11.838,1.30665,1.30689,2.25,1.73
2011.01.12 19:04:12.332,1.30665,1.30686,2.25,1.73
2011.01.12 19:04:12.553,1.30666,1.30689,2.25,1.73
2011.01.12 19:04:13.382,1.30666,1.30691,2.25,1.73
2011.01.12 19:04:15.582,1.30666,1.30692,2.25,1.73
2011.01.12 19:04:15.804,1.30666,1.30697,2.25,1.50
2011.01.12 19:04:15.927,1.30666,1.307,2.25,1.73
2011.01.12 19:04:16.510,1.30673,1.30704,1.88,3.19
2011.01.12 19:04:16.624,1.3067,1.30704,1.88,3.19
2011.01.12 19:04:16.857,1.3067,1.30697,1.88,1.50
2011.01.12 19:04:17.083,1.30668,1.30697,2.25,1.50
2011.01.12 19:04:19.214,1.30668,1.30693,1.88,1.50
2011.01.12 19:04:19.576,1.30626,1.3066,2.38,2.67
2011.01.12 19:04:19.693,1.30626,1.3066,1.08,1.73
2011.01.12 19:04:20.215,1.30626,1.3066,1.38,1.73
2011.01.12 19:04:20.347,1.30637,1.30673,2.25,1.50
2011.01.12 19:04:20.576,1.30641,1.30673,2.25,1.50
2011.01.12 19:04:20.696,1.30641,1.30673,2.25,3.19
2011.01.12 19:04:21.987,1.30643,1.30661,1.88,1.73
2011.01.12 19:04:22.111,1.30619,1.3065,1.88,1.50
2011.01.12 19:04:24.351,1.30622,1.3065,1.88,1.50
2011.01.12 19:04:25.133,1.30619,1.3065,1.88,1.50
2011.01.12 19:04:27.867,1.30618,1.3065,1.88,1.50
2011.01.12 19:04:30.997,1.30618,1.30661,2.25,2.48
2011.01.12 19:04:31.124,1.30625,1.30663,2.25,1.50
2011.01.12 19:04:33.807,1.30629,1.30662,2.25,1.50
2011.01.12 19:04:34.156,1.30629,1.3066,2.25,1.50
2011.01.12 19:04:34.274,1.30629,1.3066,1.88,1.50
2011.01.12 19:04:34.862,1.30629,1.30656,1.88,1.50
2011.01.12 19:04:34.890,1.30627,1.30656,1.88,1.50
2011.01.12 19:04:35.236,1.30628,1.30656,2.82,1.50
2011.01.12 19:04:35.810,1.3064,1.30688,3.23,3.98
2011.01.12 19:04:35.945,1.3067,1.30713,1.88,1.73
2011.01.12 19:04:36.065,1.30672,1.30713,1.88,1.73
2011.01.12 19:04:36.763,1.30672,1.30713,1.88,2.67
2011.01.12 19:04:37.092,1.30664,1.30697,2.25,2.67
2011.01.12 19:04:37.204,1.30664,1.30694,2.25,1.69
2011.01.12 19:04:37.827,1.30665,1.3069,1.88,2.67
2011.01.12 19:04:38.607,1.30654,1.30684,1.88,1.69
2011.01.12 19:04:38.729,1.30656,1.30684,1.88,1.69
2011.01.12 19:04:39.194,1.30656,1.30684,1.88,1.69
2011.01.12 19:04:39.877,1.30664,1.30693,1.88,2.44
2011.01.12 19:04:40.215,1.30662,1.30694,1.88,2.25
2011.01.12 19:04:41.017,1.30662,1.30694,1.88,2.25
2011.01.12 19:04:41.246,1.30655,1.30676,2.25,1.50
2011.01.12 19:04:42.578,1.30645,1.30673,2.25,1.50
2011.01.12 19:04:43.752,1.30647,1.30674,2.25,1.50
2011.01.12 19:04:44.305,1.30647,1.30677,2.25,1.50
2011.01.12 19:04:45.210,1.30647,1.30681,2.25,1.50
2011.01.12 19:04:46.723,1.30655,1.30683,2.25,1.69
2011.01.12 19:04:46.835,1.30655,1.30676,1.88,1.92
2011.01.12 19:04:46.953,1.30655,1.30674,1.88,2.10
2011.01.12 19:04:47.597,1.30647,1.30673,2.25,1.50
2011.01.12 19:04:49.262,1.30653,1.30674,1.88,1.69
2011.01.12 19:04:50.346,1.3064,1.30673,2.25,1.69
2011.01.12 19:04:50.474,1.30643,1.30673,2.25,2.25
2011.01.12 19:04:50.592,1.30643,1.30663,2.25,1.50
2011.01.12 19:04:52.333,1.30645,1.30663,1.88,1.50
2011.01.12 19:04:52.563,1.30644,1.30663,2.25,1.50
2011.01.12 19:04:57.743,1.3064,1.30663,1.88,1.50
2011.01.12 19:04:58.678,1.30639,1.30663,1.88,1.50
2011.01.12 19:04:58.798,1.30641,1.30663,1.88,1.50
2011.01.12 19:04:59.830,1.30641,1.3066,1.88,1.50
2011.01.12 19:05:00.075,1.30639,1.3066,1.88,1.50
2011.01.12 19:05:00.822,1.30648,1.3066,1.88,1.50
2011.01.12 19:05:01.169,1.30639,1.3066,1.88,1.50
2011.01.12 19:05:01.432,1.30637,1.30658,1.88,1.50
2011.01.12 19:05:01.550,1.30617,1.30657,1.50,3.42
2011.01.12 19:05:01.772,1.30636,1.30648,1.88,1.69
2011.01.12 19:05:02.371,1.30636,1.30643,1.88,1.50
2011.01.12 19:05:02.627,1.30614,1.30643,1.88,2.25
2011.01.12 19:05:03.221,1.30611,1.30643,1.88,1.50
2011.01.12 19:05:03.343,1.30615,1.30643,1.88,1.50
2011.01.12 19:05:05.409,1.30612,1.30643,1.88,1.50
2011.01.12 19:05:07.114,1.30612,1.30643,2.25,1.50
2011.01.12 19:05:07.794,1.3062,1.3065,2.25,1.50
2011.01.12 19:05:09.493,1.30619,1.3065,2.25,1.69
2011.01.12 19:05:10.044,1.30622,1.30639,1.88,1.13
2011.01.12 19:05:10.172,1.30609,1.30644,1.88,1.50
2011.01.12 19:05:10.402,1.30621,1.30644,1.88,1.50
2011.01.12 19:05:10.746,1.30617,1.30644,1.88,1.50
2011.01.12 19:05:11.446,1.30616,1.30633,1.88,1.50
2011.01.12 19:05:11.994,1.30617,1.30633,1.88,3.00
2011.01.12 19:05:12.222,1.30603,1.30631,2.25,1.13
2011.01.12 19:05:12.340,1.30603,1.30624,2.25,1.50
2011.01.12 19:05:14.804,1.30603,1.30634,2.25,1.50
2011.01.12 19:05:14.921,1.30603,1.30634,2.25,1.50
2011.01.12 19:05:15.040,1.30614,1.30633,1.88,1.50
2011.01.12 19:05:15.150,1.30612,1.30633,1.88,1.50
2011.01.12 19:05:15.941,1.30613,1.30633,1.88,1.50
2011.01.12 19:05:16.610,1.30615,1.30633,1.88,1.50
2011.01.12 19:05:17.355,1.30615,1.30649,2.25,1.50
2011.01.12 19:05:19.357,1.30625,1.30646,2.25,1.50
2011.01.12 19:05:19.482,1.30624,1.30644,1.88,2.25
2011.01.12 19:05:19.712,1.30619,1.30637,1.88,1.50
2011.01.12 19:05:19.941,1.30613,1.30637,1.88,1.50
2011.01.12 19:05:20.170,1.3061,1.30633,1.88,1.50
2011.01.12 19:05:20.751,1.30611,1.30633,1.88,1.50
2011.01.12 19:05:21.470,1.30611,1.30637,1.88,1.50
2011.01.12 19:05:22.001,1.3061,1.30637,1.88,1.50
2011.01.12 19:05:22.232,1.3061,1.30629,1.88,1.92
2011.01.12 19:05:22.975,1.306,1.30624,1.88,1.73
2011.01.12 19:05:23.429,1.30596,1.30624,2.25,1.50
2011.01.12 19:05:26.903,1.30598,1.30624,2.63,1.50
2011.01.12 19:05:27.031,1.30616,1.30644,2.25,2.44
2011.01.12 19:05:27.154,1.30613,1.30645,1.88,3.42
2011.01.12 19:05:27.381,1.3061,1.3064,1.88,1.50
2011.01.12 19:05:27.990,1.30605,1.3064,2.25,1.50
2011.01.12 19:05:28.443,1.30605,1.30634,2.25,1.50
2011.01.12 19:05:29.143,1.306,1.30632,1.88,1.50
2011.01.12 19:05:29.704,1.30599,1.30626,1.88,1.50
2011.01.12 19:05:30.207,1.30599,1.3062,1.88,1.50
2011.01.12 19:05:30.329,1.30594,1.3062,2.25,1.50
2011.01.12 19:05:30.550,1.30594,1.30617,2.25,1.50
2011.01.12 19:05:31.382,1.30587,1.30622,2.63,1.50
2011.01.12 19:05:31.512,1.30596,1.30624,2.25,1.50
2011.01.12 19:05:31.632,1.30596,1.30624,2.63,1.50
2011.01.12 19:05:31.972,1.30601,1.30624,1.88,1.50
2011.01.12 19:05:32.851,1.30601,1.30641,2.25,2.25
2011.01.12 19:05:32.970,1.30603,1.30638,2.25,1.50
2011.01.12 19:05:33.759,1.30612,1.30643,2.25,1.50
2011.01.12 19:05:42.967,1.30612,1.30643,1.88,1.50
2011.01.12 19:05:43.086,1.30614,1.30643,1.88,1.50
2011.01.12 19:05:43.535,1.30613,1.3064,1.88,1.50
2011.01.12 19:05:44.220,1.30611,1.3064,1.88,1.50
2011.01.12 19:05:44.445,1.30609,1.3064,1.88,1.50
2011.01.12 19:05:44.670,1.30611,1.3064,1.88,1.50
2011.01.12 19:05:46.117,1.30612,1.30644,2.25,1.50
2011.01.12 19:05:49.597,1.30614,1.30644,1.88,1.50
2011.01.12 19:05:50.202,1.30613,1.30644,1.88,1.50
2011.01.12 19:05:50.891,1.30613,1.30639,1.88,1.50
2011.01.12 19:05:51.231,1.30611,1.30639,1.88,1.50
2011.01.12 19:05:51.772,1.30611,1.30639,1.88,1.50
2011.01.12 19:05:51.897,1.30607,1.30634,2.25,1.50
2011.01.12 19:05:53.140,1.30609,1.30639,1.88,1.50
2011.01.12 19:05:54.072,1.3061,1.30639,1.88,1.50
2011.01.12 19:05:54.312,1.30608,1.30639,1.88,1.50
2011.01.12 19:05:54.433,1.30608,1.30634,1.88,1.50
2011.01.12 19:05:56.560,1.30605,1.30628,1.88,1.50
2011.01.12 19:05:56.683,1.306,1.30628,1.88,1.50
2011.01.12 19:05:56.804,1.30602,1.30628,1.88,1.50
2011.01.12 19:05:57.322,1.306,1.30628,2.25,1.50
2011.01.12 19:05:57.446,1.306,1.3063,2.25,1.50
2011.01.12 19:05:57.564,1.30601,1.30631,1.88,2.07
2011.01.12 19:05:57.683,1.30599,1.30627,1.88,1.73
2011.01.12 19:05:58.478,1.30596,1.30624,2.63,1.50
2011.01.12 19:05:58.621,1.30598,1.30628,2.25,1.50
2011.01.12 19:05:58.966,1.30601,1.30632,2.25,1.50
2011.01.12 19:05:59.541,1.30602,1.30624,2.25,1.50
2011.01.12 19:06:01.782,1.30603,1.30633,2.25,1.50
2011.01.12 19:06:02.616,1.30609,1.30633,1.88,1.50
2011.01.12 19:06:02.842,1.30611,1.30633,1.88,1.50
2011.01.12 19:06:07.872,1.30609,1.30633,1.88,1.50
2011.01.12 19:06:08.359,1.30611,1.30633,1.88,1.50
2011.01.12 19:06:08.472,1.30609,1.30633,1.88,1.50
2011.01.12 19:06:09.111,1.3061,1.30633,1.88,1.50
2011.01.12 19:06:10.836,1.30609,1.30638,1.88,1.50
2011.01.12 19:06:11.910,1.3061,1.30638,1.88,1.50
2011.01.12 19:06:17.108,1.30611,1.30638,1.88,1.50
2011.01.12 19:06:19.646,1.30609,1.30634,1.88,1.50
2011.01.12 19:06:29.445,1.30608,1.30634,2.25,1.50
2011.01.12 19:06:35.431,1.3061,1.30638,1.88,1.50
2011.01.12 19:06:39.307,1.3061,1.30642,1.88,1.50
2011.01.12 19:06:39.424,1.30612,1.30642,1.88,1.50
2011.01.12 19:06:42.051,1.30613,1.30643,1.88,1.50
2011.01.12 19:06:42.398,1.30615,1.30643,1.88,1.50
2011.01.12 19:06:43.511,1.30615,1.30634,2.25,1.50
2011.01.12 19:06:47.561,1.3062,1.30634,1.88,1.50
2011.01.12 19:06:47.682,1.3062,1.3065,2.25,1.50
2011.01.12 19:06:48.452,1.3062,1.30647,2.25,1.50
2011.01.12 19:06:48.577,1.30618,1.30643,1.88,1.50
2011.01.12 19:06:49.258,1.30617,1.30643,1.88,1.50
2011.01.12 19:06:50.711,1.30618,1.30643,1.88,1.50
2011.01.12 19:06:50.940,1.30616,1.30643,1.88,1.50
2011.01.12 19:06:53.590,1.30616,1.30643,1.88,3.00
2011.01.12 19:06:54.139,1.30615,1.30643,1.88,3.00
2011.01.12 19:06:57.707,1.30615,1.30637,1.88,1.50
2011.01.12 19:06:57.831,1.30612,1.30637,1.88,1.50
2011.01.12 19:06:58.391,1.30611,1.30637,1.88,1.50
2011.01.12 19:06:59.576,1.30611,1.30642,1.88,1.50
2011.01.12 19:07:00.356,1.30613,1.30641,1.88,1.50
2011.01.12 19:07:00.867,1.30606,1.30634,2.25,2.25
2011.01.12 19:07:01.211,1.30608,1.30634,2.25,1.50
2011.01.12 19:07:01.332,1.30608,1.30642,2.25,1.50
2011.01.12 19:07:01.450,1.3061,1.30642,1.88,1.50
2011.01.12 19:07:02.059,1.30615,1.30642,1.88,1.50
2011.01.12 19:07:03.521,1.30612,1.30642,1.88,1.50
2011.01.12 19:07:03.749,1.30614,1.30642,1.88,1.50
2011.01.12 19:07:06.786,1.30612,1.30639,1.88,1.50
2011.01.12 19:07:07.951,1.30614,1.30639,1.88,1.50
2011.01.12 19:07:08.400,1.30612,1.30639,1.88,1.50
2011.01.12 19:07:08.969,1.3061,1.30639,1.88,1.50
2011.01.12 19:07:12.303,1.30609,1.30639,1.88,1.50
2011.01.12 19:07:12.446,1.30609,1.30639,1.88,1.50
2011.01.12 19:07:12.999,1.3061,1.30635,1.88,1.50
2011.01.12 19:07:13.650,1.30609,1.30635,1.88,1.50
2011.01.12 19:07:14.336,1.30609,1.30641,1.88,1.50
2011.01.12 19:07:14.754,1.30612,1.30641,1.88,1.50
2011.01.12 19:07:16.651,1.3061,1.30641,1.88,1.50
2011.01.12 19:07:19.194,1.30612,1.30641,1.88,1.50
2011.01.12 19:07:20.380,1.30612,1.30632,1.88,1.69
2011.01.12 19:07:20.714,1.30605,1.30626,1.88,2.67
2011.01.12 19:07:20.830,1.30602,1.30626,1.88,2.67
2011.01.12 19:07:21.051,1.30595,1.30622,2.25,1.69
2011.01.12 19:07:22.067,1.30598,1.30623,1.88,2.44
2011.01.12 19:07:23.372,1.30596,1.30623,2.25,2.44
2011.01.12 19:07:23.992,1.30592,1.30623,2.25,2.44
2011.01.12 19:07:24.912,1.30595,1.30623,2.25,2.44
2011.01.12 19:07:25.700,1.30597,1.30623,1.88,2.44
2011.01.12 19:07:26.221,1.30595,1.30623,2.25,2.44
2011.01.12 19:07:26.341,1.30595,1.30623,2.25,1.69
2011.01.12 19:07:26.461,1.30595,1.30634,2.25,3.23
2011.01.12 19:07:27.037,1.30595,1.30637,2.63,1.50
2011.01.12 19:07:27.154,1.30614,1.30633,1.88,1.50
2011.01.12 19:07:27.381,1.30611,1.30633,1.88,1.50
2011.01.12 19:07:27.610,1.30609,1.30633,1.88,1.50
2011.01.12 19:07:28.315,1.30609,1.30641,2.25,1.50
2011.01.12 19:07:29.153,1.30611,1.30636,2.25,1.50
2011.01.12 19:07:29.933,1.30609,1.30639,2.25,1.50
2011.01.12 19:07:32.598,1.30609,1.30639,1.88,1.69
2011.01.12 19:07:33.225,1.30608,1.30639,2.25,1.50
2011.01.12 19:07:35.241,1.30611,1.30643,1.88,1.69
2011.01.12 19:07:37.142,1.30615,1.30646,1.88,1.50
2011.01.12 19:07:41.041,1.30615,1.3064,1.88,1.50
2011.01.12 19:07:41.159,1.30613,1.3064,1.88,1.50
2011.01.12 19:07:41.906,1.30612,1.3064,1.88,1.50
2011.01.12 19:07:46.153,1.30613,1.30647,2.25,1.65
2011.01.12 19:07:46.829,1.30613,1.30646,2.25,1.69
2011.01.12 19:07:47.844,1.30609,1.30642,2.25,1.69
2011.01.12 19:07:47.954,1.30607,1.30638,2.25,1.50
2011.01.12 19:07:48.078,1.3061,1.30638,1.88,1.50
2011.01.12 19:07:48.812,1.3061,1.30638,2.25,1.50
2011.01.12 19:07:48.940,1.30618,1.30647,1.88,1.50
2011.01.12 19:07:49.541,1.30614,1.30647,2.25,1.50
2011.01.12 19:07:50.971,1.30614,1.30643,2.25,1.50
2011.01.12 19:07:51.098,1.30609,1.30643,1.88,1.50
2011.01.12 19:07:51.216,1.30609,1.30626,1.88,1.69
2011.01.12 19:07:51.823,1.30595,1.30624,2.63,1.50
2011.01.12 19:07:52.347,1.30597,1.30623,2.25,1.50
2011.01.12 19:07:53.388,1.30597,1.30614,2.25,1.50
2011.01.12 19:08:00.370,1.30603,1.30623,2.25,1.50
2011.01.12 19:08:02.783,1.306,1.30623,2.25,3.00
2011.01.12 19:08:02.903,1.306,1.30614,1.88,1.50
2011.01.12 19:08:03.522,1.30599,1.30614,1.88,1.50
2011.01.12 19:08:03.919,1.3059,1.30604,2.25,1.50
2011.01.12 19:08:07.931,1.30589,1.30604,2.25,1.50
2011.01.12 19:08:08.491,1.30586,1.30604,1.13,1.50
2011.01.12 19:08:09.119,1.30587,1.30604,2.63,1.50
2011.01.12 19:08:10.681,1.30587,1.30613,2.63,2.25
2011.01.12 19:08:11.805,1.30585,1.30603,1.80,1.50
2011.01.12 19:08:14.751,1.30586,1.30603,1.17,1.50
2011.01.12 19:08:15.527,1.30579,1.30603,1.88,1.50
2011.01.12 19:08:16.986,1.3058,1.30603,1.88,1.50
2011.01.12 19:08:18.371,1.3058,1.30607,1.88,1.50
2011.01.12 19:08:18.495,1.30582,1.30607,1.88,1.50
2011.01.12 19:08:18.939,1.30592,1.30607,1.88,1.50
2011.01.12 19:08:20.170,1.30587,1.30614,1.88,2.25
2011.01.12 19:08:21.397,1.30587,1.30604,1.88,1.50
2011.01.12 19:08:21.902,1.3059,1.30604,1.88,1.50
2011.01.12 19:08:22.525,1.30591,1.30604,1.88,1.50
2011.01.12 19:08:30.369,1.30591,1.30614,1.88,2.25
2011.01.12 19:08:31.262,1.30588,1.30614,1.88,2.25
2011.01.12 19:08:32.132,1.30587,1.30614,1.88,2.25
2011.01.12 19:08:33.007,1.30585,1.30614,2.25,2.25
2011.01.12 19:08:33.561,1.30585,1.30614,2.25,2.25
2011.01.12 19:08:33.955,1.30587,1.30614,1.88,2.25
2011.01.12 19:08:35.590,1.30588,1.30614,1.88,1.50
2011.01.12 19:08:35.821,1.3059,1.3062,1.88,1.50
2011.01.12 19:08:36.560,1.30592,1.3062,1.88,1.50
2011.01.12 19:08:37.401,1.30593,1.30617,1.88,1.50
2011.01.12 19:08:37.521,1.3059,1.30617,1.88,1.50
2011.01.12 19:08:38.178,1.3059,1.30613,1.88,1.50
2011.01.12 19:08:38.974,1.3059,1.30613,1.88,1.69
2011.01.12 19:08:39.214,1.3059,1.30613,1.88,2.44
2011.01.12 19:08:39.560,1.30583,1.30609,2.25,1.69
2011.01.12 19:08:39.669,1.30583,1.30603,2.25,1.50
2011.01.12 19:08:40.694,1.30583,1.30603,2.63,1.50
2011.01.12 19:08:42.571,1.30587,1.30613,2.25,1.50
2011.01.12 19:08:47.114,1.3059,1.30613,1.88,1.50
2011.01.12 19:08:47.564,1.30585,1.30612,2.25,2.67
2011.01.12 19:08:48.189,1.30585,1.30602,2.63,1.69
2011.01.12 19:08:48.308,1.30576,1.30604,1.69,1.50
2011.01.12 19:08:48.973,1.30576,1.30603,1.58,2.44
2011.01.12 19:08:49.659,1.30576,1.30602,1.20,1.50
2011.01.12 19:08:50.747,1.30576,1.30593,1.20,1.50
2011.01.12 19:08:51.300,1.30575,1.30593,1.24,1.50
2011.01.12 19:08:53.510,1.30575,1.30603,1.24,3.23
2011.01.12 19:08:54.448,1.30575,1.30594,1.24,1.50
2011.01.12 19:08:55.018,1.30573,1.30594,1.88,1.50
2011.01.12 19:08:55.138,1.30573,1.30604,2.25,1.50
2011.01.12 19:09:00.900,1.30574,1.30602,2.25,1.73
2011.01.12 19:09:02.340,1.3057,1.30602,2.25,1.73
2011.01.12 19:09:02.472,1.3057,1.30604,2.25,1.50
2011.01.12 19:09:03.349,1.30571,1.30603,1.88,3.23
2011.01.12 19:09:03.459,1.30571,1.30603,1.88,3.23
2011.01.12 19:09:03.570,1.30565,1.30594,2.25,1.50
2011.01.12 19:09:04.155,1.30565,1.30604,2.25,1.50
2011.01.12 19:09:04.278,1.30576,1.30604,1.88,1.50
2011.01.12 19:09:04.611,1.30581,1.30604,1.88,1.50
2011.01.12 19:09:05.632,1.3058,1.30604,1.88,1.50
2011.01.12 19:09:06.508,1.30581,1.30604,1.88,1.50
2011.01.12 19:09:07.309,1.3058,1.30604,1.88,1.50
2011.01.12 19:09:07.857,1.30581,1.30604,1.88,1.50
2011.01.12 19:09:10.452,1.30583,1.30604,1.88,1.50
2011.01.12 19:09:11.466,1.3058,1.30604,1.88,1.50
2011.01.12 19:09:12.588,1.30579,1.30604,1.88,1.50
2011.01.12 19:09:13.619,1.30578,1.30604,1.88,1.50
2011.01.12 19:09:14.010,1.3058,1.30604,1.88,1.50
2011.01.12 19:09:14.874,1.30583,1.30604,1.88,1.50
2011.01.12 19:09:16.219,1.30584,1.30604,1.88,1.50
2011.01.12 19:09:18.741,1.30582,1.30604,1.88,1.50
2011.01.12 19:09:19.642,1.30583,1.30604,1.88,1.50
2011.01.12 19:09:20.179,1.30581,1.30604,1.88,1.50
2011.01.12 19:09:25.976,1.30583,1.30604,1.88,1.50
2011.01.12 19:09:26.892,1.30581,1.30604,1.88,1.50
2011.01.12 19:09:27.449,1.30582,1.30604,1.88,1.50
2011.01.12 19:09:28.827,1.30583,1.30604,1.88,1.50
2011.01.12 19:09:30.525,1.30583,1.30603,1.88,3.98
2011.01.12 19:09:30.653,1.30579,1.30603,1.88,1.69
2011.01.12 19:09:30.772,1.30579,1.30603,1.88,2.44
2011.01.12 19:09:31.002,1.30578,1.30603,1.88,1.88
2011.01.12 19:09:31.121,1.30579,1.30603,1.88,1.50
2011.01.12 19:09:31.673,1.30585,1.30603,1.88,1.50
2011.01.12 19:09:32.182,1.30587,1.30603,1.88,1.50
2011.01.12 19:09:33.167,1.30596,1.30603,1.88,1.50
2011.01.12 19:09:33.290,1.30596,1.30623,2.25,2.25
2011.01.12 19:09:34.701,1.306,1.30623,1.88,1.50
2011.01.12 19:09:37.667,1.30601,1.30623,1.88,1.50
2011.01.12 19:09:43.741,1.30601,1.30623,1.88,2.44
2011.01.12 19:09:43.973,1.306,1.30621,1.88,2.10
2011.01.12 19:09:44.092,1.30597,1.30624,2.25,2.25
2011.01.12 19:09:44.655,1.306,1.30623,1.88,1.50
2011.01.12 19:09:46.811,1.30601,1.30623,1.88,1.50
2011.01.12 19:09:47.515,1.30602,1.30623,1.88,1.50
2011.01.12 19:09:48.040,1.30601,1.30623,1.88,1.50
2011.01.12 19:09:48.758,1.30599,1.30622,1.88,1.50
2011.01.12 19:09:49.281,1.30601,1.30622,1.88,1.50
2011.01.12 19:09:51.116,1.30596,1.30622,1.88,1.50
2011.01.12 19:09:51.705,1.30594,1.30622,1.88,1.50
2011.01.12 19:09:52.890,1.30593,1.30622,1.88,1.50
2011.01.12 19:09:57.010,1.30592,1.30622,1.88,1.50
2011.01.12 19:09:57.585,1.30593,1.30622,1.88,1.50
2011.01.12 19:09:59.672,1.30593,1.3062,1.88,1.50
2011.01.12 19:09:59.913,1.30555,1.30603,1.65,1.73
2011.01.12 19:10:00.032,1.30558,1.30603,1.02,1.73
2011.01.12 19:10:00.707,1.30593,1.30604,1.88,1.50
2011.01.12 19:10:00.830,1.3059,1.30603,1.88,1.50
2011.01.12 19:10:01.376,1.30589,1.30603,1.88,1.50
2011.01.12 19:10:02.202,1.30588,1.30603,1.88,1.50
2011.01.12 19:10:02.444,1.3059,1.30603,1.88,1.50
2011.01.12 19:10:02.568,1.30595,1.30614,1.13,1.50
2011.01.12 19:10:03.116,1.30595,1.30623,1.50,3.00
2011.01.12 19:10:03.244,1.30609,1.30634,1.88,1.50
2011.01.12 19:10:03.363,1.30614,1.30642,1.50,1.13
2011.01.12 19:10:04.167,1.30621,1.30643,1.88,1.50
2011.01.12 19:10:04.722,1.30621,1.30643,1.88,1.69
2011.01.12 19:10:05.062,1.30619,1.30643,1.88,1.50
2011.01.12 19:10:05.179,1.30619,1.30638,1.88,1.69
2011.01.12 19:10:05.290,1.30613,1.30638,1.88,1.69
2011.01.12 19:10:05.758,1.30611,1.30638,1.88,1.69
2011.01.12 19:10:05.874,1.30611,1.30633,1.88,1.73
2011.01.12 19:10:06.218,1.30613,1.30629,1.88,2.67
2011.01.12 19:10:06.331,1.30604,1.30629,1.88,3.42
2011.01.12 19:10:06.449,1.30602,1.30613,1.88,1.50
2011.01.12 19:10:06.857,1.306,1.30613,1.88,1.50
2011.01.12 19:10:08.981,1.3061,1.30643,1.50,2.44
2011.01.12 19:10:09.096,1.30619,1.30643,1.13,1.50
2011.01.12 19:10:09.216,1.30621,1.30644,1.88,1.69
2011.01.12 19:10:09.781,1.3062,1.30644,3.00,1.50
2011.01.12 19:10:10.396,1.30621,1.30644,1.88,1.50
2011.01.12 19:10:10.963,1.3062,1.30643,1.88,2.67
2011.01.12 19:10:11.548,1.30614,1.3063,1.88,1.50
2011.01.12 19:10:11.773,1.30609,1.3063,1.88,1.50
2011.01.12 19:10:11.891,1.30602,1.3063,2.25,1.50
2011.01.12 19:10:13.193,1.30596,1.30623,2.25,1.69
2011.01.12 19:10:13.753,1.30599,1.30623,1.50,3.00
2011.01.12 19:10:14.447,1.30602,1.3063,1.50,1.50
2011.01.12 19:10:22.563,1.30606,1.30631,2.25,2.67
2011.01.12 19:10:22.902,1.30601,1.30624,2.25,1.50
2011.01.12 19:10:23.483,1.30607,1.30634,2.25,2.25
2011.01.12 19:10:26.921,1.30607,1.30631,1.88,2.67
2011.01.12 19:10:27.253,1.30597,1.30623,1.88,1.50
2011.01.12 19:10:27.934,1.30597,1.30623,2.25,1.50
2011.01.12 19:10:28.058,1.30601,1.30623,1.88,1.50
2011.01.12 19:10:28.474,1.30601,1.30623,1.88,2.44
2011.01.12 19:10:29.155,1.30601,1.3062,1.88,1.69
2011.01.12 19:10:29.282,1.30592,1.3062,1.88,1.50
2011.01.12 19:10:29.873,1.30591,1.3062,1.88,1.69
2011.01.12 19:10:30.881,1.3059,1.3062,1.88,1.69
2011.01.12 19:10:32.047,1.3059,1.3062,1.88,1.69
2011.01.12 19:10:32.677,1.30589,1.30616,1.88,1.69
2011.01.12 19:10:33.769,1.30583,1.30601,1.88,1.50
2011.01.12 19:10:34.299,1.30583,1.30601,2.25,1.50
2011.01.12 19:10:35.286,1.3058,1.30595,1.88,1.50
2011.01.12 19:10:35.408,1.30578,1.30595,1.88,1.50
2011.01.12 19:10:35.640,1.30581,1.30595,1.88,1.50
2011.01.12 19:10:37.640,1.30583,1.30595,1.88,1.50
2011.01.12 19:10:38.227,1.30581,1.30594,1.88,1.69
2011.01.12 19:10:38.347,1.30577,1.30591,1.88,1.69
2011.01.12 19:10:39.047,1.30578,1.30594,1.88,1.50
2011.01.12 19:10:39.173,1.30583,1.30604,1.88,1.50
2011.01.12 19:10:39.297,1.30583,1.30604,1.88,1.50
2011.01.12 19:10:39.411,1.30584,1.30604,2.25,1.50
2011.01.12 19:10:39.988,1.30584,1.30609,2.25,1.69
2011.01.12 19:10:40.112,1.30591,1.30612,1.88,1.50
2011.01.12 19:10:40.236,1.30591,1.30613,1.88,1.50
2011.01.12 19:10:40.356,1.30588,1.30613,1.88,1.50
2011.01.12 19:10:41.146,1.30589,1.30613,1.88,1.50
2011.01.12 19:10:42.083,1.30589,1.30618,1.88,1.69
2011.01.12 19:10:42.315,1.30597,1.30623,1.13,2.25
2011.01.12 19:10:42.435,1.30597,1.30623,1.13,1.50
2011.01.12 19:10:43.131,1.30605,1.30623,1.13,1.50
2011.01.12 19:10:43.531,1.30605,1.30627,1.50,1.50
2011.01.12 19:10:44.179,1.306,1.30622,1.50,1.50
2011.01.12 19:10:46.334,1.30595,1.30621,2.63,1.69
2011.01.12 19:10:47.124,1.30594,1.30622,1.88,1.69
2011.01.12 19:10:47.247,1.30594,1.30621,1.88,1.69
2011.01.12 19:10:47.363,1.30594,1.30622,1.88,1.50
2011.01.12 19:10:49.213,1.30596,1.30615,2.25,1.69
2011.01.12 19:10:49.572,1.30589,1.30615,3.00,1.50
2011.01.12 19:10:51.069,1.30591,1.30615,1.88,1.50
2011.01.12 19:10:54.403,1.3059,1.30615,1.88,1.69
2011.01.12 19:10:55.115,1.30588,1.30611,1.88,1.69
2011.01.12 19:10:55.239,1.30586,1.30611,1.88,1.69
2011.01.12 19:10:55.753,1.30586,1.30606,1.88,1.50
2011.01.12 19:10:55.985,1.30585,1.30612,1.88,1.69
2011.01.12 19:10:56.602,1.30585,1.30603,1.88,1.69
2011.01.12 19:10:56.721,1.30581,1.30603,1.88,1.69
2011.01.12 19:10:56.841,1.30581,1.30594,1.88,1.50
2011.01.12 19:10:57.622,1.3058,1.30594,1.88,1.50
2011.01.12 19:10:57.850,1.30581,1.30603,1.88,1.69
2011.01.12 19:10:58.105,1.30583,1.30603,1.88,1.69
2011.01.12 19:10:58.553,1.30588,1.30603,1.13,1.69
2011.01.12 19:10:59.299,1.30587,1.30603,1.13,2.44
2011.01.12 19:10:59.422,1.30579,1.30599,1.13,1.69
2011.01.12 19:11:00.340,1.30575,1.306,1.88,1.69
2011.01.12 19:11:00.559,1.30575,1.30601,1.88,1.69
2011.01.12 19:11:01.248,1.30573,1.30601,1.88,1.69
2011.01.12 19:11:01.371,1.3058,1.30601,1.50,1.50
2011.01.12 19:11:01.716,1.30574,1.30596,1.88,1.73
2011.01.12 19:11:01.835,1.30574,1.30601,2.25,1.50
2011.01.12 19:11:02.370,1.30574,1.30601,1.88,1.50
2011.01.12 19:11:02.910,1.30573,1.30601,1.88,1.50
2011.01.12 19:11:03.703,1.30574,1.30601,1.88,1.69
2011.01.12 19:11:04.886,1.30573,1.30601,1.88,1.69
2011.01.12 19:11:05.000,1.30573,1.30595,1.88,1.50
2011.01.12 19:11:05.396,1.30568,1.30595,2.25,1.50
2011.01.12 19:11:05.516,1.30568,1.30595,2.25,2.44
2011.01.12 19:11:08.165,1.30569,1.30593,1.88,1.50
2011.01.12 19:11:08.674,1.3057,1.30593,1.88,1.50
2011.01.12 19:11:09.910,1.30569,1.30593,1.88,1.50
2011.01.12 19:11:10.916,1.30568,1.30593,2.25,1.50
2011.01.12 19:11:11.039,1.30568,1.30593,2.25,1.69
2011.01.12 19:11:11.592,1.30567,1.30593,2.25,1.69
2011.01.12 19:11:16.131,1.30562,1.30591,1.88,2.67
2011.01.12 19:11:16.360,1.30559,1.30591,1.88,2.67
2011.01.12 19:11:16.579,1.30561,1.30591,1.88,2.67
2011.01.12 19:11:17.043,1.30561,1.30583,1.88,1.50
2011.01.12 19:11:21.864,1.30565,1.30595,1.50,1.50
2011.01.12 19:11:22.104,1.30574,1.30605,3.38,1.50
2011.01.12 19:11:22.695,1.30587,1.30607,1.88,1.50
2011.01.12 19:11:23.640,1.30587,1.30612,1.88,1.69
2011.01.12 19:11:24.224,1.30586,1.30612,1.88,1.69
2011.01.12 19:11:24.964,1.30587,1.30612,2.25,1.69
2011.01.12 19:11:25.097,1.30586,1.30617,2.25,1.50
2011.01.12 19:11:28.053,1.30592,1.30617,1.88,1.69
2011.01.12 19:11:28.171,1.30592,1.30614,1.88,2.25
2011.01.12 19:11:28.404,1.30585,1.30612,2.25,1.69
2011.01.12 19:11:38.499,1.30578,1.30604,1.88,2.44
2011.01.12 19:11:39.052,1.30577,1.30604,1.88,2.44
2011.01.12 19:11:39.170,1.30574,1.30604,2.25,2.44
2011.01.12 19:11:40.701,1.30574,1.30593,2.25,1.50
2011.01.12 19:11:41.482,1.30574,1.30593,2.63,1.50
2011.01.12 19:11:44.183,1.30575,1.30593,2.63,1.50
2011.01.12 19:11:44.773,1.30582,1.30598,1.88,1.50
2011.01.12 19:11:44.890,1.30584,1.30609,1.88,1.50
2011.01.12 19:11:47.319,1.30585,1.30609,1.88,1.50
2011.01.12 19:11:48.557,1.30585,1.30609,2.25,1.50
2011.01.12 19:11:48.680,1.30584,1.30609,1.88,1.50
2011.01.12 19:11:48.794,1.30584,1.30611,1.88,2.67
2011.01.12 19:11:48.911,1.30582,1.30611,1.88,2.67
2011.01.12 19:11:49.770,1.30581,1.30611,2.25,2.67
2011.01.12 19:11:49.901,1.30577,1.30612,2.25,1.73
2011.01.12 19:11:50.015,1.30577,1.30612,2.25,3.42
2011.01.12 19:11:50.354,1.30574,1.30603,2.25,1.73
2011.01.12 19:11:50.938,1.30569,1.30603,2.25,2.67
2011.01.12 19:11:52.555,1.30571,1.30604,2.25,3.00
2011.01.12 19:11:53.103,1.3057,1.30604,2.25,3.00
2011.01.12 19:11:53.234,1.30581,1.30604,1.88,1.50
2011.01.12 19:11:53.465,1.30581,1.30613,1.88,1.50
2011.01.12 19:11:54.129,1.30585,1.30613,1.88,1.50
2011.01.12 19:11:54.712,1.30586,1.30613,1.88,1.50
2011.01.12 19:11:55.414,1.30585,1.30613,1.88,1.50
2011.01.12 19:11:55.758,1.30583,1.30612,1.88,1.50
2011.01.12 19:11:56.203,1.30576,1.30612,2.25,1.50
2011.01.12 19:11:56.806,1.30578,1.30608,2.25,1.50
2011.01.12 19:11:57.403,1.30579,1.30608,1.88,1.50
2011.01.12 19:11:57.994,1.30576,1.30608,1.88,1.50
2011.01.12 19:11:59.147,1.30577,1.30608,2.25,1.50
2011.01.12 19:11:59.536,1.3058,1.30608,1.88,1.50
2011.01.12 19:12:01.172,1.30578,1.30608,2.25,1.50
2011.01.12 19:12:01.773,1.30581,1.30608,1.13,1.50
2011.01.12 19:12:02.355,1.30581,1.30612,3.38,1.50
2011.01.12 19:12:02.480,1.30591,1.30613,1.50,1.50
2011.01.12 19:12:04.832,1.30591,1.30613,1.88,1.50
2011.01.12 19:12:05.578,1.30593,1.30613,1.88,1.50
2011.01.12 19:12:05.697,1.30591,1.30613,1.88,1.50
2011.01.12 19:12:06.830,1.30591,1.30613,2.25,1.50
2011.01.12 19:12:08.365,1.30593,1.30613,1.88,1.50
2011.01.12 19:12:08.722,1.30591,1.30618,1.88,1.50
2011.01.12 19:12:08.845,1.30587,1.30619,1.88,1.50
2011.01.12 19:12:09.478,1.30591,1.30614,1.88,1.50
2011.01.12 19:12:09.702,1.30591,1.30623,1.88,3.00
2011.01.12 19:12:09.822,1.30593,1.30623,1.88,3.00
2011.01.12 19:12:10.690,1.30597,1.30623,2.25,1.50
2011.01.12 19:12:14.112,1.30619,1.30643,2.25,2.25
2011.01.12 19:12:16.722,1.30622,1.30644,2.25,1.50
2011.01.12 19:12:19.183,1.30621,1.30644,1.88,1.50
2011.01.12 19:12:19.301,1.30618,1.30644,1.88,1.50
2011.01.12 19:12:19.985,1.3062,1.30644,1.88,1.50
2011.01.12 19:12:21.951,1.30624,1.30644,1.88,1.50
2011.01.12 19:12:22.335,1.30624,1.30654,2.25,1.50
2011.01.12 19:12:22.563,1.30624,1.30663,2.25,1.50
2011.01.12 19:12:22.682,1.30634,1.30663,1.88,1.50
2011.01.12 19:12:23.412,1.30635,1.30663,1.88,3.00
2011.01.12 19:12:23.537,1.30627,1.30658,1.88,1.50
2011.01.12 19:12:23.856,1.30625,1.30658,1.88,1.50
2011.01.12 19:12:24.301,1.30625,1.30654,1.88,1.50
2011.01.12 19:12:26.954,1.30626,1.30654,1.88,1.50
2011.01.12 19:12:27.842,1.30626,1.30659,2.25,2.48
2011.01.12 19:12:29.075,1.30635,1.30662,1.88,1.50
2011.01.12 19:12:29.698,1.30627,1.30644,1.88,1.50
2011.01.12 19:12:30.469,1.30623,1.30644,1.88,1.50
2011.01.12 19:12:31.260,1.30625,1.30644,1.88,1.50
2011.01.12 19:12:31.772,1.30622,1.30644,1.88,1.50
2011.01.12 19:12:34.859,1.30622,1.30654,1.88,3.98
2011.01.12 19:12:35.536,1.30622,1.30654,1.88,2.44
2011.01.12 19:12:35.651,1.30622,1.30644,1.88,1.50
2011.01.12 19:12:36.401,1.3062,1.30644,1.88,1.50
2011.01.12 19:12:36.632,1.30617,1.30644,2.25,1.50
2011.01.12 19:12:37.346,1.30619,1.30644,1.88,1.50
2011.01.12 19:12:38.190,1.30622,1.30644,1.88,1.50
2011.01.12 19:12:38.300,1.30619,1.30644,1.88,1.50
2011.01.12 19:12:39.126,1.3062,1.30644,1.88,1.50
2011.01.12 19:12:41.768,1.30615,1.30642,2.25,1.50
2011.01.12 19:12:42.259,1.30615,1.30644,2.25,2.25
2011.01.12 19:12:46.819,1.30619,1.30646,2.25,1.50
2011.01.12 19:12:47.158,1.30625,1.30651,2.25,1.50
2011.01.12 19:12:51.757,1.30624,1.3065,2.25,1.69
2011.01.12 19:12:52.141,1.30621,1.30643,2.25,1.50
2011.01.12 19:12:52.370,1.30621,1.30651,2.25,1.69
2011.01.12 19:12:54.061,1.30625,1.30653,2.25,1.50
2011.01.12 19:12:54.181,1.30625,1.30655,2.25,1.50
2011.01.12 19:12:55.533,1.30627,1.30655,1.88,2.44
2011.01.12 19:12:56.218,1.30627,1.30649,1.88,1.69
2011.01.12 19:12:56.806,1.3061,1.30639,1.88,1.50
2011.01.12 19:13:09.255,1.30611,1.30639,1.88,1.50
2011.01.12 19:13:10.640,1.30613,1.30639,1.88,1.50
2011.01.12 19:13:10.752,1.3061,1.30639,1.88,1.50
2011.01.12 19:13:19.440,1.3061,1.30639,2.25,1.50
2011.01.12 19:13:19.771,1.30615,1.30652,2.25,2.25
2011.01.12 19:13:19.881,1.30615,1.30644,2.25,1.50
2011.01.12 19:13:20.471,1.30622,1.30653,1.13,2.25
2011.01.12 19:13:20.596,1.30624,1.30654,2.25,1.50
2011.01.12 19:13:20.931,1.30625,1.30643,2.25,1.50
2011.01.12 19:13:21.502,1.30625,1.30654,2.25,1.50
2011.01.12 19:13:23.319,1.30624,1.30654,1.88,1.50
2011.01.12 19:13:23.441,1.30656,1.30673,1.50,1.50
2011.01.12 19:13:23.773,1.30649,1.30688,5.25,1.50
2011.01.12 19:13:24.041,1.30649,1.30698,5.25,1.50
2011.01.12 19:13:24.153,1.30676,1.30698,1.88,1.50
2011.01.12 19:13:26.076,1.30682,1.30708,2.25,1.50
2011.01.12 19:13:26.845,1.30684,1.30708,2.25,1.50
2011.01.12 19:13:27.530,1.30688,1.30701,1.88,1.73
2011.01.12 19:13:27.649,1.3068,1.30701,1.88,1.73
2011.01.12 19:13:27.878,1.30685,1.30703,1.50,1.73
2011.01.12 19:13:28.440,1.30685,1.30714,1.50,1.50
2011.01.12 19:13:28.561,1.30697,1.30724,2.25,1.50
2011.01.12 19:13:29.579,1.30699,1.30724,1.88,1.50
2011.01.12 19:13:30.570,1.30701,1.30724,1.13,1.50
2011.01.12 19:13:31.362,1.30707,1.30724,1.88,1.50
2011.01.12 19:13:32.311,1.30709,1.30717,1.88,1.73
2011.01.12 19:13:33.846,1.30705,1.30717,1.88,1.73
2011.01.12 19:13:33.959,1.30705,1.30725,1.88,1.73
2011.01.12 19:13:34.467,1.30706,1.30725,1.88,1.73
2011.01.12 19:13:36.118,1.30707,1.30729,1.88,1.73
2011.01.12 19:13:36.500,1.30707,1.30727,1.88,1.73
2011.01.12 19:13:37.095,1.30705,1.30725,1.88,1.73
2011.01.12 19:13:37.215,1.30705,1.30734,1.88,1.50
2011.01.12 19:13:37.881,1.30705,1.30728,1.88,1.73
2011.01.12 19:13:38.361,1.30708,1.30717,1.88,1.73
2011.01.12 19:13:38.483,1.30708,1.30719,1.88,1.73
2011.01.12 19:13:38.932,1.30708,1.30721,1.88,1.73
2011.01.12 19:13:39.948,1.30709,1.30721,1.88,1.73
2011.01.12 19:13:40.072,1.30697,1.30712,1.88,1.73
2011.01.12 19:13:40.194,1.30697,1.30719,1.88,1.73
2011.01.12 19:13:40.313,1.30698,1.30715,1.88,1.73
2011.01.12 19:13:40.651,1.30698,1.30711,1.88,1.73
2011.01.12 19:13:41.329,1.30697,1.30711,1.88,1.73
2011.01.12 19:13:41.675,1.30683,1.30704,1.88,1.50
2011.01.12 19:13:42.664,1.30683,1.30709,1.88,1.92
2011.01.12 19:13:43.359,1.30681,1.30709,2.25,1.73
2011.01.12 19:13:43.471,1.30681,1.30713,2.25,1.88
2011.01.12 19:13:44.494,1.30686,1.30713,2.25,1.88
2011.01.12 19:13:44.619,1.30693,1.30716,1.88,2.67
2011.01.12 19:13:44.840,1.30684,1.30716,2.63,2.67
2011.01.12 19:13:45.856,1.30682,1.30723,2.25,1.32
2011.01.12 19:13:50.029,1.30685,1.30716,2.25,2.48
2011.01.12 19:13:51.807,1.30687,1.30716,2.25,1.73
2011.01.12 19:13:51.931,1.30687,1.30723,2.25,1.92
2011.01.12 19:13:52.166,1.30698,1.30724,1.50,1.50
2011.01.12 19:13:52.941,1.30698,1.30723,1.13,1.73
2011.01.12 19:13:53.493,1.30698,1.30724,1.13,2.44
2011.01.12 19:13:54.410,1.30696,1.30723,3.00,1.92
2011.01.12 19:13:54.631,1.30699,1.30723,1.13,1.92
2011.01.12 19:13:55.561,1.30697,1.30724,1.88,4.17
2011.01.12 19:13:56.070,1.30695,1.30724,3.00,4.17
2011.01.12 19:13:57.640,1.30696,1.30724,1.88,4.17
2011.01.12 19:13:59.050,1.30692,1.30715,1.88,2.67
2011.01.12 19:13:59.602,1.30681,1.30715,1.88,2.67
2011.01.12 19:14:00.652,1.30681,1.30715,3.00,2.67
2011.01.12 19:14:01.341,1.30681,1.30714,1.13,1.09
2011.01.12 19:14:01.990,1.30692,1.30714,1.13,1.09
2011.01.12 19:14:02.340,1.30681,1.30714,3.00,1.09
2011.01.12 19:14:02.891,1.30682,1.30714,1.13,1.09
2011.01.12 19:14:04.720,1.30691,1.30715,1.13,2.63
2011.01.12 19:14:04.830,1.30691,1.30715,1.13,2.48
2011.01.12 19:14:05.050,1.30691,1.30718,1.13,1.58
2011.01.12 19:14:05.272,1.30692,1.30719,1.13,1.69
2011.01.12 19:14:05.390,1.30685,1.30708,1.88,1.50
2011.01.12 19:14:05.501,1.30685,1.30707,1.88,1.69
2011.01.12 19:14:05.622,1.30679,1.30696,1.88,2.48
2011.01.12 19:14:05.742,1.30663,1.30696,1.88,2.48
2011.01.12 19:14:06.482,1.30661,1.30693,1.88,1.50
2011.01.12 19:14:09.320,1.30662,1.30693,1.88,1.50
2011.01.12 19:14:10.476,1.3066,1.30693,1.88,1.50
2011.01.12 19:14:12.175,1.3066,1.30694,1.88,1.50
2011.01.12 19:14:12.303,1.30655,1.3069,2.25,1.50
2011.01.12 19:14:13.325,1.30659,1.30689,1.88,1.50
2011.01.12 19:14:13.912,1.3066,1.30689,1.88,1.50
2011.01.12 19:14:14.713,1.30662,1.30689,1.88,1.50
2011.01.12 19:14:16.507,1.3066,1.30689,1.88,1.50
2011.01.12 19:14:17.610,1.30662,1.30689,1.88,1.69
2011.01.12 19:14:18.326,1.30654,1.30684,1.88,1.50
2011.01.12 19:14:24.572,1.30654,1.30684,2.25,1.50
2011.01.12 19:14:25.068,1.30654,1.3069,2.25,1.73
2011.01.12 19:14:27.324,1.30661,1.30693,1.88,1.88
2011.01.12 19:14:27.552,1.3066,1.30693,1.88,1.50
2011.01.12 19:14:27.670,1.30664,1.30693,1.88,1.50
2011.01.12 19:14:29.372,1.30664,1.30693,2.25,1.50
2011.01.12 19:14:29.497,1.30673,1.30704,2.25,3.00
2011.01.12 19:14:31.519,1.30675,1.30703,2.25,4.17
2011.01.12 19:14:31.638,1.30675,1.30698,1.88,1.50
2011.01.12 19:14:31.982,1.30672,1.30693,1.88,1.50
2011.01.12 19:14:32.616,1.30669,1.30693,1.88,1.50
2011.01.12 19:14:36.132,1.3067,1.30693,1.88,1.50
2011.01.12 19:14:36.256,1.3067,1.30693,2.25,1.50
2011.01.12 19:14:38.989,1.30669,1.30703,2.25,1.50
2011.01.12 19:14:39.421,1.30671,1.30694,2.25,1.50
2011.01.12 19:14:40.125,1.3067,1.30693,2.25,1.50
2011.01.12 19:14:43.540,1.3067,1.30693,2.25,1.50
2011.01.12 19:14:43.652,1.3067,1.30703,2.25,3.00
2011.01.12 19:14:56.481,1.30677,1.30699,2.25,1.50
2011.01.12 19:14:59.060,1.30667,1.30703,2.25,1.50
2011.01.12 19:14:59.293,1.30671,1.30707,2.25,1.50
2011.01.12 19:15:01.362,1.30672,1.30701,1.88,1.50
2011.01.12 19:15:01.483,1.30668,1.30701,2.25,1.50
2011.01.12 19:15:01.602,1.30668,1.30698,2.25,1.50
2011.01.12 19:15:01.942,1.30665,1.30693,2.25,1.50
2011.01.12 19:15:02.697,1.30662,1.30688,2.25,1.50
2011.01.12 19:15:03.622,1.30657,1.30667,1.88,1.50
2011.01.12 19:15:04.164,1.30661,1.30667,1.88,1.50
2011.01.12 19:15:04.290,1.30639,1.30656,1.88,1.50
2011.01.12 19:15:04.403,1.30638,1.30663,2.25,2.25
2011.01.12 19:15:05.408,1.30638,1.30648,1.88,1.50
2011.01.12 19:15:05.861,1.30629,1.30646,1.88,1.50
2011.01.12 19:15:07.111,1.30628,1.30663,2.25,1.50
2011.01.12 19:15:07.230,1.30637,1.30663,1.88,1.50
2011.01.12 19:15:10.701,1.3064,1.30667,1.88,1.50
2011.01.12 19:15:10.910,1.30637,1.30667,1.88,1.50
2011.01.12 19:15:12.225,1.3064,1.30667,1.88,1.50
2011.01.12 19:15:12.738,1.30638,1.30667,1.88,1.50
2011.01.12 19:15:15.558,1.30639,1.30667,1.88,1.50
2011.01.12 19:15:17.561,1.30638,1.30667,1.88,1.50
2011.01.12 19:15:17.787,1.30638,1.30674,1.88,1.50
2011.01.12 19:15:18.020,1.30648,1.30674,1.88,1.50
2011.01.12 19:15:18.904,1.30649,1.30674,1.88,2.25
2011.01.12 19:15:19.023,1.30645,1.30674,1.88,2.25
2011.01.12 19:15:19.252,1.30642,1.30674,1.88,2.25
2011.01.12 19:15:19.591,1.30644,1.30674,1.88,2.25
2011.01.12 19:15:20.196,1.30645,1.30674,1.88,2.25
2011.01.12 19:15:22.975,1.30646,1.30674,1.88,1.50
2011.01.12 19:15:23.370,1.30646,1.30674,1.88,2.25
2011.01.12 19:15:26.722,1.30647,1.30674,1.88,1.50
2011.01.12 19:15:26.951,1.30653,1.30674,1.88,1.50
2011.01.12 19:15:30.126,1.30663,1.30682,1.88,1.92
2011.01.12 19:15:30.941,1.30656,1.30674,2.25,1.50
2011.01.12 19:15:33.022,1.30653,1.30674,1.88,2.44
2011.01.12 19:15:33.142,1.30623,1.30674,1.05,4.92
2011.01.12 19:15:33.264,1.30651,1.30665,1.88,1.73
2011.01.12 19:15:33.493,1.30643,1.30673,2.25,1.50
2011.01.12 19:15:34.120,1.30648,1.30674,2.25,1.50
2011.01.12 19:15:38.350,1.3065,1.30674,2.25,1.69
2011.01.12 19:15:38.461,1.3065,1.30674,1.88,1.69
2011.01.12 19:15:38.571,1.30647,1.30664,1.88,1.50
2011.01.12 19:15:39.056,1.30645,1.30664,1.88,1.50
2011.01.12 19:15:40.773,1.30646,1.30664,1.88,1.50
2011.01.12 19:15:41.547,1.30645,1.30664,1.88,1.50
2011.01.12 19:15:42.309,1.30647,1.30664,1.88,1.50
2011.01.12 19:15:42.422,1.30641,1.30664,1.88,1.50
2011.01.12 19:15:43.032,1.30641,1.30661,1.88,1.92
2011.01.12 19:15:43.260,1.30637,1.30661,1.88,1.92
2011.01.12 19:15:44.235,1.30639,1.30661,1.88,2.67
2011.01.12 19:15:44.577,1.3064,1.30657,1.88,1.32
2011.01.12 19:15:44.693,1.30635,1.30654,1.88,1.69
2011.01.12 19:15:45.030,1.30637,1.30654,1.88,1.69
2011.01.12 19:15:46.698,1.30639,1.30654,1.88,1.69
2011.01.12 19:15:48.532,1.30639,1.30654,1.88,1.50
2011.01.12 19:15:49.496,1.3064,1.30654,1.88,1.50
2011.01.12 19:15:49.628,1.30641,1.30664,2.25,1.50
2011.01.12 19:15:50.296,1.30641,1.30673,2.25,1.69
2011.01.12 19:15:51.416,1.30649,1.30673,1.88,1.69
2011.01.12 19:15:53.030,1.30649,1.30673,1.88,2.44
2011.01.12 19:15:53.361,1.30646,1.30673,1.88,2.44
2011.01.12 19:15:54.161,1.30645,1.30673,1.88,2.44
2011.01.12 19:15:54.276,1.30645,1.30673,1.88,1.69
2011.01.12 19:15:54.702,1.30645,1.30673,1.88,2.44
2011.01.12 19:15:55.431,1.30643,1.30664,1.88,1.50
2011.01.12 19:15:55.555,1.30643,1.30667,1.88,2.67
2011.01.12 19:15:56.338,1.30642,1.30664,1.88,2.44
2011.01.12 19:15:57.009,1.30645,1.30664,1.88,1.50
2011.01.12 19:15:57.135,1.30646,1.30664,2.25,1.50
2011.01.12 19:15:57.255,1.3065,1.30674,2.25,1.50
2011.01.12 19:15:57.375,1.30649,1.30683,2.25,1.50
2011.01.12 19:15:57.944,1.30662,1.30683,1.88,1.50
2011.01.12 19:15:58.531,1.3066,1.30683,1.88,1.50
2011.01.12 19:15:59.012,1.3066,1.30683,1.88,1.69
2011.01.12 19:15:59.648,1.30661,1.30683,1.88,1.69
2011.01.12 19:16:01.566,1.30656,1.30683,2.25,2.44
2011.01.12 19:16:01.683,1.30656,1.30683,2.25,1.69
2011.01.12 19:16:02.694,1.30662,1.30673,1.88,1.50
2011.01.12 19:16:02.812,1.30662,1.30684,1.88,1.50
2011.01.12 19:16:04.284,1.30662,1.30681,1.88,1.69
2011.01.12 19:16:05.069,1.30654,1.30673,2.25,1.50
2011.01.12 19:16:10.692,1.30652,1.30684,2.25,2.25
2011.01.12 19:16:11.531,1.30655,1.30683,2.25,2.67
2011.01.12 19:16:12.129,1.30652,1.30673,2.25,1.50
2011.01.12 19:16:15.611,1.30651,1.30673,1.88,1.69
2011.01.12 19:16:15.942,1.30641,1.30673,1.88,2.44
2011.01.12 19:16:16.598,1.30641,1.30672,1.88,1.13
2011.01.12 19:16:19.561,1.30644,1.30673,1.88,2.07
2011.01.12 19:16:19.781,1.30641,1.30673,1.88,2.07
2011.01.12 19:16:20.465,1.30643,1.30673,1.88,2.07
2011.01.12 19:16:22.648,1.30644,1.30673,1.88,1.88
2011.01.12 19:16:23.062,1.30646,1.30673,1.88,1.88
2011.01.12 19:16:25.024,1.30646,1.30671,1.88,1.32
2011.01.12 19:16:25.250,1.30634,1.30673,2.25,3.19
2011.01.12 19:16:26.273,1.30634,1.30673,2.25,3.00
2011.01.12 19:16:26.390,1.30634,1.30668,2.25,1.50
2011.01.12 19:16:26.765,1.30634,1.30663,2.25,1.50
2011.01.12 19:16:27.567,1.30635,1.30661,2.25,1.50
2011.01.12 19:16:27.911,1.30627,1.30654,2.25,1.50
2011.01.12 19:16:28.031,1.30629,1.3066,2.25,1.50
2011.01.12 19:16:28.482,1.30626,1.30656,2.25,1.50
2011.01.12 19:16:34.320,1.30629,1.30654,2.25,1.50
2011.01.12 19:16:38.891,1.3063,1.30662,2.25,1.13
2011.01.12 19:16:41.300,1.30638,1.30662,2.25,1.13
2011.01.12 19:16:45.911,1.30639,1.30664,1.88,2.25
2011.01.12 19:16:49.206,1.30639,1.30664,1.88,1.50
2011.01.12 19:16:49.327,1.30641,1.30672,2.25,1.13
2011.01.12 19:16:51.867,1.30641,1.30674,2.25,1.50
2011.01.12 19:16:55.912,1.30647,1.30674,2.25,2.63
2011.01.12 19:16:56.033,1.30647,1.30674,2.25,2.82
2011.01.12 19:16:56.376,1.30644,1.30665,1.88,1.69
2011.01.12 19:16:56.492,1.30639,1.30662,1.88,1.50
2011.01.12 19:16:56.611,1.30639,1.30657,1.88,1.50
2011.01.12 19:16:57.513,1.30627,1.30657,2.25,1.50
2011.01.12 19:16:58.051,1.30625,1.30653,2.25,1.50
2011.01.12 19:16:58.381,1.30623,1.30649,2.25,1.50
2011.01.12 19:17:02.513,1.30624,1.30654,2.25,1.50
2011.01.12 19:17:13.963,1.30624,1.30653,2.25,2.25
2011.01.12 19:17:18.326,1.3062,1.30645,2.25,1.50
2011.01.12 19:17:18.815,1.3062,1.30645,2.25,1.50
2011.01.12 19:17:18.942,1.30615,1.30636,1.88,1.32
2011.01.12 19:17:19.065,1.30619,1.30627,1.88,1.50
2011.01.12 19:17:19.631,1.30607,1.3062,1.88,1.50
2011.01.12 19:17:19.761,1.30592,1.3062,2.25,1.50
2011.01.12 19:17:19.882,1.30592,1.3062,2.25,1.50
2011.01.12 19:17:20.721,1.30595,1.30624,2.25,1.50
2011.01.12 19:17:20.835,1.30599,1.30628,1.88,1.50
2011.01.12 19:17:21.646,1.306,1.30628,1.88,1.50
2011.01.12 19:17:21.765,1.30602,1.30628,1.88,1.50
2011.01.12 19:17:24.226,1.30602,1.30627,1.88,1.50
2011.01.12 19:17:24.343,1.30577,1.30597,1.50,1.50
2011.01.12 19:17:24.980,1.30566,1.30597,1.24,1.50
2011.01.12 19:17:25.093,1.30579,1.30603,2.25,1.50
2011.01.12 19:17:25.663,1.30589,1.30603,1.88,1.50
2011.01.12 19:17:26.353,1.30591,1.30603,1.88,1.50
2011.01.12 19:17:26.472,1.30588,1.30603,1.88,1.50
2011.01.12 19:17:26.702,1.30584,1.30603,1.88,1.50
2011.01.12 19:17:27.455,1.30583,1.30603,1.88,1.50
2011.01.12 19:17:28.171,1.30582,1.30603,1.88,1.50
2011.01.12 19:17:28.282,1.30584,1.30603,1.88,1.50
2011.01.12 19:17:28.842,1.30585,1.30614,1.88,1.50
2011.01.12 19:17:28.961,1.30587,1.30614,1.88,1.50
2011.01.12 19:17:30.645,1.30585,1.30614,1.88,1.50
2011.01.12 19:17:31.066,1.30587,1.30614,1.88,1.50
2011.01.12 19:17:31.486,1.30589,1.30614,1.88,1.50
2011.01.12 19:17:36.886,1.30588,1.30614,1.88,1.50
2011.01.12 19:17:39.062,1.30587,1.30614,1.88,2.25
2011.01.12 19:17:39.542,1.30583,1.30604,1.88,1.50
2011.01.12 19:17:40.432,1.30583,1.30614,1.88,2.25
2011.01.12 19:17:46.261,1.30586,1.30614,1.88,2.25
2011.01.12 19:17:46.867,1.30586,1.30614,1.88,3.00
2011.01.12 19:17:47.340,1.30587,1.3061,1.88,1.50
2011.01.12 19:17:47.685,1.30575,1.30593,2.25,1.50
2011.01.12 19:17:48.293,1.30575,1.30593,2.25,1.50
2011.01.12 19:17:48.652,1.30578,1.30604,1.88,1.50
2011.01.12 19:17:49.967,1.3058,1.30604,1.88,1.50
2011.01.12 19:17:50.311,1.3058,1.30594,1.88,1.50
2011.01.12 19:17:50.533,1.30575,1.30594,2.25,1.50
2011.01.12 19:17:51.342,1.30574,1.30594,2.25,2.07
2011.01.12 19:17:51.685,1.30571,1.30583,2.25,1.50
2011.01.12 19:17:52.381,1.30566,1.30583,2.25,2.44
2011.01.12 19:17:53.894,1.30562,1.30583,1.88,2.44
2011.01.12 19:17:54.021,1.3056,1.30583,2.25,1.50
2011.01.12 19:17:55.021,1.30575,1.30593,1.88,1.50
2011.01.12 19:17:56.301,1.30574,1.30594,1.88,1.50
2011.01.12 19:17:56.528,1.30572,1.30583,1.88,1.50
2011.01.12 19:17:56.863,1.30567,1.30583,1.88,1.50
2011.01.12 19:17:57.428,1.30566,1.30583,1.88,1.50
2011.01.12 19:17:57.551,1.30566,1.30574,1.88,1.50
2011.01.12 19:17:58.538,1.30567,1.30574,1.88,1.50
2011.01.12 19:17:58.694,1.30567,1.30584,1.88,1.50
2011.01.12 19:17:59.623,1.30569,1.30594,1.88,1.50
2011.01.12 19:17:59.742,1.30572,1.30594,1.88,1.50
2011.01.12 19:18:00.080,1.3057,1.30593,1.88,1.50
2011.01.12 19:18:00.412,1.30572,1.30593,1.88,1.50
2011.01.12 19:18:00.531,1.30569,1.30593,1.88,1.50
2011.01.12 19:18:01.351,1.3057,1.30593,1.88,1.50
2011.01.12 19:18:02.054,1.30569,1.30593,1.88,1.50
2011.01.12 19:18:02.180,1.30571,1.30593,1.88,1.50
2011.01.12 19:18:02.513,1.30575,1.30593,1.88,1.50
2011.01.12 19:18:03.201,1.30575,1.30603,1.88,1.50
2011.01.12 19:18:03.328,1.30582,1.30603,1.88,1.50
2011.01.12 19:18:04.468,1.30578,1.30593,1.88,1.50
2011.01.12 19:18:04.802,1.30574,1.30593,1.88,1.50
2011.01.12 19:18:04.928,1.30576,1.30593,1.88,1.50
2011.01.12 19:18:10.264,1.30576,1.30604,1.88,1.50
2011.01.12 19:18:11.296,1.30578,1.30604,1.88,1.50
2011.01.12 19:18:13.071,1.30577,1.30604,1.88,1.50
2011.01.12 19:18:14.037,1.30578,1.30604,1.88,1.50
2011.01.12 19:18:14.152,1.30576,1.30604,1.88,1.50
2011.01.12 19:18:19.287,1.30577,1.30604,1.88,1.50
2011.01.12 19:18:19.882,1.30576,1.30604,1.88,1.50
2011.01.12 19:18:20.000,1.30578,1.30604,1.88,1.50
2011.01.12 19:18:20.698,1.30578,1.30594,1.88,1.50
2011.01.12 19:18:20.821,1.30576,1.30603,1.88,1.50
2011.01.12 19:18:20.933,1.30576,1.30593,1.88,1.50
2011.01.12 19:18:21.503,1.30576,1.30603,1.88,1.50
2011.01.12 19:18:22.090,1.30575,1.30603,1.88,1.50
2011.01.12 19:18:22.337,1.30579,1.30603,1.88,1.50
2011.01.12 19:18:25.233,1.3058,1.30603,1.88,1.50
2011.01.12 19:18:25.869,1.30577,1.30603,1.88,1.50
2011.01.12 19:18:26.894,1.30579,1.30603,1.88,1.50
2011.01.12 19:18:29.431,1.30577,1.30603,1.88,1.50
2011.01.12 19:18:29.870,1.30579,1.30603,1.88,1.50
2011.01.12 19:18:30.511,1.30579,1.30612,1.88,1.50
2011.01.12 19:18:39.542,1.30579,1.30604,1.88,1.50
2011.01.12 19:18:40.047,1.30577,1.30604,1.88,1.50
2011.01.12 19:18:41.340,1.30579,1.30604,1.88,1.50
2011.01.12 19:18:42.671,1.30578,1.30604,1.88,1.50
2011.01.12 19:18:43.231,1.30579,1.30604,1.88,1.50
2011.01.12 19:18:43.979,1.3058,1.30604,1.88,1.50
2011.01.12 19:18:44.365,1.30583,1.30614,1.88,2.25
2011.01.12 19:18:44.590,1.30586,1.30614,1.88,2.25
2011.01.12 19:18:46.228,1.30585,1.30603,1.88,1.50
2011.01.12 19:18:47.604,1.30585,1.30613,1.88,2.25
2011.01.12 19:18:47.731,1.30583,1.30613,1.88,2.25
2011.01.12 19:18:47.952,1.30583,1.30603,1.88,1.50
2011.01.12 19:18:48.281,1.30581,1.30603,1.88,1.50
2011.01.12 19:18:49.434,1.30583,1.30603,1.88,1.50
2011.01.12 19:18:51.274,1.30582,1.30603,1.88,1.50
2011.01.12 19:18:53.571,1.30581,1.30603,1.88,1.50
2011.01.12 19:18:53.708,1.3058,1.30603,1.88,1.50
2011.01.12 19:18:53.822,1.30575,1.30603,1.88,1.50
2011.01.12 19:18:54.470,1.30576,1.30603,1.88,1.50
2011.01.12 19:18:55.654,1.30573,1.30603,1.88,1.50
2011.01.12 19:18:59.295,1.30576,1.30603,1.88,1.50
2011.01.12 19:18:59.523,1.30573,1.30603,1.88,1.50
2011.01.12 19:18:59.973,1.30573,1.30603,1.88,2.25
2011.01.12 19:19:00.310,1.30572,1.30603,2.25,2.25
2011.01.12 19:19:03.506,1.30571,1.30603,2.25,1.50
2011.01.12 19:19:04.874,1.30572,1.30603,1.88,1.50
2011.01.12 19:19:04.992,1.30572,1.30603,1.88,2.25
2011.01.12 19:19:05.557,1.30565,1.3059,1.88,1.50
2011.01.12 19:19:05.781,1.30559,1.3059,2.25,1.50
2011.01.12 19:19:07.363,1.30544,1.3059,1.13,1.50
2011.01.12 19:19:09.399,1.30558,1.3059,1.88,1.50
2011.01.12 19:19:09.586,1.30558,1.30591,1.88,1.50
2011.01.12 19:19:10.496,1.30558,1.30593,1.88,2.25
2011.01.12 19:19:10.833,1.3056,1.30593,1.88,1.50
2011.01.12 19:19:11.268,1.30563,1.30593,1.88,1.50
2011.01.12 19:19:13.101,1.30563,1.30601,1.88,1.50
2011.01.12 19:19:15.762,1.30564,1.30601,1.88,1.50
2011.01.12 19:19:16.331,1.30563,1.30601,1.88,1.50
2011.01.12 19:19:17.498,1.30563,1.30599,1.88,1.50
2011.01.12 19:19:18.061,1.30563,1.30601,1.88,1.50
2011.01.12 19:19:18.495,1.30563,1.30593,1.88,1.50
2011.01.12 19:19:18.831,1.30565,1.30593,1.88,1.50
2011.01.12 19:19:20.614,1.30565,1.30601,1.88,1.50
2011.01.12 19:19:20.732,1.30561,1.30587,1.88,1.50
2011.01.12 19:19:21.322,1.30561,1.30584,1.88,1.50
2011.01.12 19:19:21.453,1.30518,1.30571,5.52,1.73
2011.01.12 19:19:21.571,1.30519,1.30562,4.58,1.50
2011.01.12 19:19:22.143,1.30519,1.30562,4.58,1.50
2011.01.12 19:19:24.842,1.30534,1.30562,1.88,1.50
2011.01.12 19:19:25.861,1.30535,1.30562,1.88,1.50
2011.01.12 19:19:26.888,1.30535,1.30559,1.88,1.50
2011.01.12 19:19:27.012,1.30524,1.30551,1.95,1.50
2011.01.12 19:19:28.522,1.30522,1.30549,1.95,1.69
2011.01.12 19:19:29.302,1.30539,1.30546,2.25,1.50
2011.01.12 19:19:29.418,1.30529,1.30544,1.42,2.44
2011.01.12 19:19:29.534,1.30537,1.30544,1.22,2.25
2011.01.12 19:19:29.768,1.30525,1.30574,2.10,4.13
2011.01.12 19:19:30.385,1.30547,1.30575,1.88,1.69
2011.01.12 19:19:30.506,1.30542,1.30563,1.88,1.50
2011.01.12 19:19:30.954,1.30544,1.30563,1.88,1.50
2011.01.12 19:19:31.619,1.30543,1.30563,1.88,1.50
2011.01.12 19:19:31.963,1.30565,1.30579,2.25,1.50
2011.01.12 19:19:32.312,1.30566,1.30587,2.25,1.50
2011.01.12 19:19:32.541,1.30571,1.30587,1.88,1.50
2011.01.12 19:19:33.191,1.30573,1.30587,1.88,1.50
2011.01.12 19:19:33.313,1.30572,1.30595,1.88,1.50
2011.01.12 19:19:33.433,1.30575,1.30595,1.88,1.50
2011.01.12 19:19:33.666,1.30576,1.30604,1.88,3.00
2011.01.12 19:19:34.226,1.30577,1.30604,1.88,3.00
2011.01.12 19:19:34.467,1.30575,1.30604,1.88,2.25
2011.01.12 19:19:35.140,1.30573,1.30602,2.25,1.50
2011.01.12 19:19:35.483,1.30573,1.30601,2.25,1.50
2011.01.12 19:19:35.822,1.30575,1.30593,2.25,1.50
2011.01.12 19:19:36.963,1.30575,1.30593,1.88,1.50
2011.01.12 19:19:37.192,1.30571,1.30593,1.88,1.50
2011.01.12 19:19:37.967,1.30571,1.30593,1.88,2.25
2011.01.12 19:19:38.085,1.30567,1.30593,1.88,3.00
2011.01.12 19:19:38.892,1.30567,1.30591,1.88,1.50
2011.01.12 19:19:39.561,1.30568,1.30588,1.88,1.69
2011.01.12 19:19:39.679,1.30565,1.30588,1.88,1.69
2011.01.12 19:19:39.793,1.30563,1.30588,1.88,1.69
2011.01.12 19:19:40.351,1.30562,1.30588,1.88,1.69
2011.01.12 19:19:42.068,1.30562,1.30588,1.88,1.50
2011.01.12 19:19:42.566,1.30561,1.30585,1.88,1.50
2011.01.12 19:19:42.802,1.30558,1.30583,1.88,2.25
2011.01.12 19:19:42.921,1.30558,1.30579,1.88,1.50
2011.01.12 19:19:43.939,1.30554,1.30579,2.25,1.50
2011.01.12 19:19:46.841,1.30554,1.30583,2.25,2.25
2011.01.12 19:19:47.608,1.30558,1.30583,2.63,1.50
2011.01.12 19:19:47.727,1.30568,1.30589,2.25,1.73
2011.01.12 19:19:48.567,1.30568,1.30594,2.25,1.50
2011.01.12 19:19:48.705,1.30583,1.30594,1.88,1.50
2011.01.12 19:19:49.915,1.30582,1.30594,1.88,1.50
2011.01.12 19:19:50.044,1.30582,1.30604,1.88,1.50
2011.01.12 19:19:50.667,1.30583,1.30604,1.88,1.50
2011.01.12 19:19:51.707,1.30595,1.30623,2.25,1.65
2011.01.12 19:19:55.724,1.30595,1.30624,2.25,1.50
2011.01.12 19:19:57.841,1.30599,1.30624,1.88,1.50
2011.01.12 19:19:58.706,1.306,1.30624,1.88,1.50
2011.01.12 19:19:59.053,1.30606,1.30624,1.88,1.50
2011.01.12 19:19:59.655,1.30603,1.30624,1.88,1.50
2011.01.12 19:20:00.272,1.30604,1.30624,1.88,1.50
2011.01.12 19:20:05.794,1.30601,1.30614,1.88,1.50
2011.01.12 19:20:06.130,1.30599,1.30614,1.88,1.50
2011.01.12 19:20:07.063,1.30594,1.30614,1.88,1.69
2011.01.12 19:20:07.189,1.30594,1.30603,1.88,1.50
2011.01.12 19:20:07.302,1.30591,1.30603,1.88,1.50
2011.01.12 19:20:07.421,1.30587,1.30603,2.25,1.50
2011.01.12 19:20:14.610,1.3059,1.30603,1.88,1.50
2011.01.12 19:20:18.042,1.30589,1.30603,1.88,1.50
2011.01.12 19:20:18.170,1.30609,1.30614,1.88,1.50
2011.01.12 19:20:18.286,1.30606,1.30614,1.88,1.50
2011.01.12 19:20:18.622,1.30601,1.30614,1.88,1.50
2011.01.12 19:20:18.953,1.30597,1.30603,2.25,1.50
2011.01.12 19:20:19.883,1.306,1.30617,1.88,1.69
2011.01.12 19:20:20.722,1.3061,1.30623,1.88,1.50
2011.01.12 19:20:21.603,1.3061,1.30646,2.25,2.25
2011.01.12 19:20:21.731,1.3061,1.30644,2.25,1.50
2011.01.12 19:20:21.952,1.3062,1.30652,2.25,1.65
2011.01.12 19:20:23.274,1.30622,1.30651,2.25,1.77
2011.01.12 19:20:23.758,1.30623,1.30632,2.25,1.73
2011.01.12 19:20:24.093,1.30622,1.30629,1.88,7.86
2011.01.12 19:20:24.815,1.30616,1.3062,1.88,9.74
2011.01.12 19:20:24.942,1.30602,1.30607,1.88,7.39
2011.01.12 19:20:25.534,1.30602,1.3061,1.88,1.73
2011.01.12 19:20:26.418,1.30603,1.30623,1.88,1.73
2011.01.12 19:20:26.539,1.30602,1.3063,1.88,1.73
2011.01.12 19:20:28.112,1.30602,1.30624,1.88,1.50
2011.01.12 19:20:28.940,1.306,1.30613,1.88,1.50
2011.01.12 19:20:29.063,1.30592,1.30613,2.25,1.50
2011.01.12 19:20:29.819,1.30592,1.30624,2.25,1.50
2011.01.12 19:20:30.714,1.30594,1.30613,2.25,1.50
2011.01.12 19:20:30.832,1.30594,1.30613,1.88,1.50
2011.01.12 19:20:31.616,1.30587,1.30613,2.25,1.50
2011.01.12 19:20:31.746,1.30596,1.30623,1.88,1.50
2011.01.12 19:20:31.972,1.30598,1.30623,1.88,1.50
2011.01.12 19:20:33.028,1.30598,1.30623,1.88,1.69
2011.01.12 19:20:33.252,1.30596,1.3062,1.88,1.92
2011.01.12 19:20:33.990,1.30592,1.30613,1.88,1.50
2011.01.12 19:20:34.546,1.30592,1.30613,1.88,1.69
2011.01.12 19:20:35.327,1.30587,1.30611,1.88,1.73
2011.01.12 19:20:35.973,1.30587,1.30612,1.88,1.73
2011.01.12 19:20:36.543,1.30586,1.30611,1.88,1.73
2011.01.12 19:20:37.176,1.30587,1.30611,1.88,1.73
2011.01.12 19:20:37.296,1.30584,1.30611,1.88,1.73
2011.01.12 19:20:37.634,1.30584,1.30603,1.88,1.73
2011.01.12 19:20:37.753,1.30584,1.30611,1.88,1.73
2011.01.12 19:20:38.423,1.30583,1.30602,1.88,1.73
2011.01.12 19:20:38.547,1.30579,1.30603,1.88,1.50
2011.01.12 19:20:38.662,1.30582,1.30603,1.88,1.50
2011.01.12 19:20:38.892,1.3058,1.30602,1.88,1.73
2011.01.12 19:20:39.012,1.3058,1.306,1.88,1.73
2011.01.12 19:20:39.890,1.30581,1.30603,2.25,1.50
2011.01.12 19:20:40.332,1.30581,1.30603,1.88,1.50
2011.01.12 19:20:40.915,1.3058,1.30603,1.88,1.73
2011.01.12 19:20:41.374,1.30579,1.30593,1.88,1.50
2011.01.12 19:20:41.957,1.30573,1.30593,1.88,1.50
2011.01.12 19:20:42.078,1.30571,1.30593,1.88,1.50
2011.01.12 19:20:44.230,1.30572,1.30593,1.88,1.50
2011.01.12 19:20:44.955,1.30572,1.30604,1.88,1.50
2011.01.12 19:20:45.073,1.30578,1.30604,1.88,1.50
2011.01.12 19:20:49.591,1.30573,1.306,1.88,1.73
2011.01.12 19:20:49.701,1.30573,1.30598,1.88,1.50
2011.01.12 19:20:49.812,1.3057,1.30598,1.88,1.50
2011.01.12 19:20:50.623,1.30569,1.30598,1.88,1.50
2011.01.12 19:20:51.401,1.30571,1.30598,1.88,1.50
2011.01.12 19:20:52.247,1.30567,1.30592,1.88,1.50
2011.01.12 19:20:53.054,1.30559,1.30584,1.88,2.25
2011.01.12 19:20:53.403,1.30561,1.30584,1.88,1.50
2011.01.12 19:20:54.074,1.30562,1.30584,1.88,1.50
2011.01.12 19:20:54.428,1.3056,1.30584,2.25,1.50
2011.01.12 19:20:55.821,1.3057,1.30583,2.25,1.50
2011.01.12 19:20:55.941,1.30569,1.30594,2.25,1.50
2011.01.12 19:20:59.710,1.30572,1.30601,2.25,1.50
2011.01.12 19:21:02.253,1.30573,1.30604,2.25,1.50
2011.01.12 19:21:02.604,1.30579,1.30611,2.25,1.50
2011.01.12 19:21:04.292,1.30585,1.30614,2.25,1.50
2011.01.12 19:21:05.743,1.30585,1.30614,2.25,2.25
2011.01.12 19:21:06.406,1.30581,1.30611,2.25,1.50
2011.01.12 19:21:07.134,1.30581,1.30613,2.25,1.50
2011.01.12 19:21:07.258,1.30586,1.30614,2.25,2.25
2011.01.12 19:21:17.153,1.30588,1.30614,2.25,2.25
2011.01.12 19:21:17.825,1.30583,1.30606,1.88,1.50
2011.01.12 19:21:18.065,1.30581,1.30606,1.88,1.50
2011.01.12 19:21:18.623,1.30581,1.30604,1.88,1.50
2011.01.12 19:21:18.963,1.30582,1.30601,1.88,1.50
2011.01.12 19:21:19.081,1.30576,1.30601,2.25,1.50
2011.01.12 19:21:20.652,1.30574,1.30606,2.25,1.13
2011.01.12 19:21:22.211,1.30575,1.30597,1.88,1.73
2011.01.12 19:21:22.444,1.30572,1.30597,1.88,1.50
2011.01.12 19:21:23.076,1.30567,1.30594,1.88,1.50
2011.01.12 19:21:23.200,1.3057,1.30594,1.88,1.50
2011.01.12 19:21:23.421,1.30572,1.30602,1.88,1.50
2011.01.12 19:21:24.311,1.30573,1.30602,1.88,1.50
2011.01.12 19:21:24.643,1.30575,1.30602,1.88,1.50
2011.01.12 19:21:25.885,1.30575,1.30598,1.88,1.50
2011.01.12 19:21:26.004,1.30573,1.30598,1.88,1.50
2011.01.12 19:21:27.879,1.30572,1.30598,1.88,1.50
2011.01.12 19:21:28.676,1.30571,1.30598,1.88,1.50
2011.01.12 19:21:28.804,1.30572,1.30601,1.88,1.50
2011.01.12 19:21:28.923,1.30572,1.30593,1.88,1.50
2011.01.12 19:21:29.042,1.3057,1.30593,1.88,1.50
2011.01.12 19:21:29.706,1.3057,1.30593,1.88,2.25
2011.01.12 19:21:29.830,1.30567,1.30592,1.88,1.50
2011.01.12 19:21:34.297,1.30565,1.30592,1.88,1.50
2011.01.12 19:21:36.130,1.30563,1.30583,1.88,1.50
2011.01.12 19:21:38.242,1.30564,1.30583,1.88,1.50
2011.01.12 19:21:48.555,1.30567,1.30583,1.88,1.50
2011.01.12 19:21:49.344,1.30568,1.30583,1.88,1.50
2011.01.12 19:21:50.491,1.30563,1.30583,1.88,1.50
2011.01.12 19:21:50.617,1.30561,1.30583,1.88,1.50
2011.01.12 19:21:51.195,1.30561,1.30588,1.88,1.50
2011.01.12 19:21:51.310,1.30563,1.30588,1.88,1.50
2011.01.12 19:21:51.421,1.30561,1.30588,1.88,1.50
2011.01.12 19:21:58.042,1.30562,1.30588,1.88,1.50
2011.01.12 19:22:00.329,1.30562,1.30586,1.88,1.50
2011.01.12 19:22:00.449,1.30557,1.30581,1.88,1.13
2011.01.12 19:22:00.673,1.30551,1.30581,1.88,1.13
2011.01.12 19:22:00.792,1.30551,1.30572,1.88,1.50
2011.01.12 19:22:01.343,1.30554,1.30576,1.88,1.50
2011.01.12 19:22:01.573,1.30551,1.30576,1.88,1.50
2011.01.12 19:22:02.182,1.30549,1.30577,1.88,1.50
2011.01.12 19:22:02.304,1.30552,1.30583,1.88,3.00
2011.01.12 19:22:02.422,1.30554,1.30583,1.88,3.00
2011.01.12 19:22:02.872,1.30557,1.30583,1.88,2.25
2011.01.12 19:22:05.640,1.30557,1.30583,1.88,1.50
2011.01.12 19:22:06.000,1.30559,1.30583,1.88,1.50
2011.01.12 19:22:08.241,1.30562,1.30583,1.88,1.50
2011.01.12 19:22:08.904,1.30558,1.30583,1.88,1.50
2011.01.12 19:22:09.038,1.3056,1.30583,1.88,1.50
2011.01.12 19:22:11.433,1.30559,1.30583,1.88,1.50
2011.01.12 19:22:13.705,1.30564,1.30583,1.88,1.50
2011.01.12 19:22:16.709,1.3056,1.30583,1.88,1.50
2011.01.12 19:22:18.318,1.3056,1.30587,1.88,1.50
2011.01.12 19:22:18.439,1.30559,1.30591,2.25,1.50
2011.01.12 19:22:18.948,1.30559,1.30593,2.25,2.25
2011.01.12 19:22:21.515,1.30565,1.30593,2.25,2.44
2011.01.12 19:22:21.743,1.30563,1.3059,2.25,2.48
2011.01.12 19:22:30.626,1.30557,1.30584,2.25,1.50
2011.01.12 19:22:31.301,1.30561,1.30594,2.25,3.00
2011.01.12 19:22:32.454,1.30564,1.30588,1.88,1.50
2011.01.12 19:22:33.044,1.30556,1.30583,2.25,1.50
2011.01.12 19:22:33.860,1.30556,1.30583,2.25,1.50
2011.01.12 19:22:33.983,1.30557,1.30583,2.25,2.25
2011.01.12 19:22:39.801,1.30558,1.30583,2.25,1.50
2011.01.12 19:22:43.112,1.30563,1.30593,2.25,2.25
2011.01.12 19:22:58.749,1.30564,1.30593,2.25,1.50
2011.01.12 19:23:09.455,1.30571,1.30593,2.25,1.50
2011.01.12 19:23:10.112,1.30574,1.30604,2.25,1.50
2011.01.12 19:23:22.426,1.30588,1.30604,1.88,1.50
2011.01.12 19:23:24.475,1.30588,1.30614,1.88,1.50
2011.01.12 19:23:24.604,1.30595,1.30623,1.88,1.50
2011.01.12 19:23:24.871,1.30598,1.30623,1.88,1.50
2011.01.12 19:23:25.752,1.30599,1.30623,1.88,1.50
2011.01.12 19:23:26.973,1.306,1.30623,1.88,1.50
2011.01.12 19:23:29.158,1.30598,1.30623,1.88,1.50
2011.01.12 19:23:30.558,1.306,1.30623,1.88,1.50
2011.01.12 19:23:31.766,1.30598,1.30623,1.88,1.58
2011.01.12 19:23:32.221,1.30598,1.30623,1.88,1.65
2011.01.12 19:23:32.799,1.306,1.30623,1.88,1.65
2011.01.12 19:23:32.935,1.30602,1.30634,1.88,1.69
2011.01.12 19:23:33.614,1.30608,1.30634,1.88,1.65
2011.01.12 19:23:34.661,1.30606,1.30634,1.88,1.88
2011.01.12 19:23:34.885,1.30604,1.30634,1.88,1.88
2011.01.12 19:23:35.590,1.30605,1.30634,1.88,1.88
2011.01.12 19:23:36.907,1.30603,1.30633,1.88,1.13
2011.01.12 19:23:37.243,1.30603,1.30633,1.88,1.32
2011.01.12 19:23:37.601,1.30603,1.30628,1.88,1.50
2011.01.12 19:23:37.821,1.30595,1.30628,1.88,1.50
2011.01.12 19:23:38.041,1.30593,1.30628,1.88,1.50
2011.01.12 19:23:39.863,1.30594,1.30622,1.88,1.13
2011.01.12 19:23:40.832,1.30593,1.30622,1.88,1.13
2011.01.12 19:23:42.103,1.30593,1.30622,1.88,1.13
2011.01.12 19:23:42.912,1.30592,1.30622,1.88,1.13
2011.01.12 19:23:43.504,1.30591,1.30622,1.88,1.13
2011.01.12 19:23:44.941,1.30591,1.30622,2.25,1.13
2011.01.12 19:23:45.290,1.306,1.3063,2.25,1.50
2011.01.12 19:23:46.374,1.30599,1.30625,1.88,1.50
2011.01.12 19:23:46.935,1.30598,1.30625,1.88,1.50
2011.01.12 19:23:47.650,1.30597,1.30625,2.25,1.50
2011.01.12 19:23:50.613,1.30595,1.30621,2.25,1.50
2011.01.12 19:23:51.332,1.30592,1.30619,2.25,1.50
2011.01.12 19:24:02.709,1.30595,1.30619,1.88,1.50
2011.01.12 19:24:02.829,1.30593,1.30619,1.88,1.50
2011.01.12 19:24:04.897,1.30594,1.30619,1.88,1.50
2011.01.12 19:24:06.873,1.30594,1.30619,2.25,1.50
2011.01.12 19:24:07.499,1.30593,1.30615,2.25,1.73
2011.01.12 19:24:07.887,1.30583,1.30601,2.25,1.50
2011.01.12 19:24:08.221,1.3058,1.30598,1.88,1.50
2011.01.12 19:24:08.332,1.30581,1.30597,1.88,1.50
2011.01.12 19:24:08.671,1.3058,1.306,1.88,1.50
2011.01.12 19:24:09.156,1.30578,1.30601,1.88,1.50
2011.01.12 19:24:09.272,1.30576,1.30601,1.88,1.50
2011.01.12 19:24:09.999,1.30575,1.30601,1.88,1.50
2011.01.12 19:24:17.027,1.30576,1.30601,1.88,1.50
2011.01.12 19:24:19.620,1.30575,1.30601,1.88,1.50
2011.01.12 19:24:21.448,1.30577,1.30597,1.88,1.50
2011.01.12 19:24:21.673,1.30568,1.30597,1.88,1.50
2011.01.12 19:24:22.433,1.30568,1.30595,1.88,1.50
2011.01.12 19:24:22.551,1.30568,1.30594,1.88,1.50
2011.01.12 19:24:23.547,1.30565,1.30594,1.88,1.50
2011.01.12 19:24:23.671,1.30569,1.30584,1.88,1.50
2011.01.12 19:24:23.784,1.30566,1.30584,1.88,1.50
2011.01.12 19:24:23.902,1.30566,1.30589,1.88,1.50
2011.01.12 19:24:24.013,1.30568,1.30589,1.88,1.50
2011.01.12 19:24:24.245,1.30568,1.30593,1.88,1.50
2011.01.12 19:24:24.363,1.30571,1.30593,1.88,1.50
2011.01.12 19:24:24.483,1.30571,1.30599,1.88,1.50
2011.01.12 19:24:25.996,1.30573,1.30602,1.88,1.50
2011.01.12 19:24:26.497,1.30573,1.30602,2.25,1.50
2011.01.12 19:24:26.624,1.3057,1.30598,1.88,1.50
2011.01.12 19:24:27.372,1.30572,1.30598,1.88,1.50
2011.01.12 19:24:27.975,1.30571,1.30598,1.88,1.50
2011.01.12 19:24:28.099,1.30569,1.30594,1.88,1.50
2011.01.12 19:24:29.139,1.30573,1.30594,1.88,1.50
2011.01.12 19:24:30.294,1.30562,1.30594,1.88,1.50
2011.01.12 19:24:30.743,1.30564,1.30598,1.88,1.50
2011.01.12 19:24:30.973,1.30559,1.30598,1.88,1.50
2011.01.12 19:24:31.341,1.30562,1.30598,1.88,1.50
2011.01.12 19:24:37.719,1.30563,1.30598,1.88,1.50
2011.01.12 19:24:38.139,1.30561,1.30598,1.88,1.50
2011.01.12 19:24:39.786,1.30559,1.30598,1.88,1.50
2011.01.12 19:24:41.411,1.30559,1.30598,2.25,1.50
2011.01.12 19:24:41.756,1.30556,1.30591,1.88,1.50
2011.01.12 19:24:41.876,1.30553,1.30594,2.25,2.25
2011.01.12 19:24:41.994,1.30553,1.30594,2.25,1.50
2011.01.12 19:24:42.693,1.3056,1.30601,2.25,1.50
2011.01.12 19:24:42.813,1.30564,1.30601,1.88,1.50
2011.01.12 19:24:43.568,1.30562,1.30601,2.25,1.50
2011.01.12 19:24:44.442,1.30563,1.30601,1.88,1.50
2011.01.12 19:24:46.093,1.30563,1.30601,1.88,1.50
2011.01.12 19:24:46.218,1.3056,1.30601,1.88,1.50
2011.01.12 19:24:46.335,1.3056,1.30594,1.88,1.50
2011.01.12 19:24:46.564,1.30558,1.30594,1.88,1.50
2011.01.12 19:24:46.958,1.30564,1.30594,1.88,1.50
2011.01.12 19:24:48.479,1.30555,1.30594,2.25,1.50
2011.01.12 19:24:48.919,1.30559,1.30589,2.25,1.50
2011.01.12 19:24:52.236,1.30557,1.30586,2.25,1.50
2011.01.12 19:24:52.572,1.30552,1.30584,2.25,1.50
2011.01.12 19:24:52.894,1.30552,1.30577,2.25,1.50
2011.01.12 19:24:55.392,1.30557,1.30579,2.25,1.50
2011.01.12 19:24:55.502,1.30557,1.3058,2.25,1.50
2011.01.12 19:24:56.032,1.30549,1.30593,2.25,3.00
2011.01.12 19:24:56.262,1.30549,1.3058,2.25,1.50
2011.01.12 19:24:56.374,1.3055,1.30573,2.25,1.50
2011.01.12 19:24:57.013,1.3055,1.30574,2.25,1.50
2011.01.12 19:24:57.894,1.30543,1.30568,2.25,1.50
2011.01.12 19:25:11.342,1.3054,1.30581,1.88,1.50
2011.01.12 19:25:11.458,1.30538,1.30581,1.88,1.50
2011.01.12 19:25:11.575,1.30538,1.30572,1.88,1.50
2011.01.12 19:25:12.444,1.30536,1.30573,2.63,1.50
2011.01.12 19:25:14.266,1.30537,1.30573,1.13,1.50
2011.01.12 19:25:14.386,1.30554,1.30574,1.13,1.50
2011.01.12 19:25:14.612,1.3056,1.30579,1.88,1.50
2011.01.12 19:25:14.768,1.30562,1.30579,1.88,1.50
2011.01.12 19:25:15.875,1.30562,1.30584,1.88,1.50
2011.01.12 19:25:16.001,1.30547,1.30584,1.88,1.50
2011.01.12 19:25:16.343,1.30545,1.30583,1.88,2.25
2011.01.12 19:25:16.628,1.30541,1.30583,1.88,3.98
2011.01.12 19:25:17.425,1.30539,1.30583,1.88,3.98
2011.01.12 19:25:18.300,1.30538,1.30583,1.88,3.98
2011.01.12 19:25:20.751,1.30536,1.30583,2.25,3.98
2011.01.12 19:25:21.315,1.30536,1.30578,2.25,1.50
2011.01.12 19:25:21.772,1.30543,1.30574,1.88,1.50
2011.01.12 19:25:22.224,1.30543,1.30574,2.25,1.50
2011.01.12 19:25:23.011,1.30551,1.30592,1.13,1.50
2011.01.12 19:25:23.132,1.30562,1.30594,1.88,1.50
2011.01.12 19:25:23.251,1.3056,1.30594,2.63,1.50
2011.01.12 19:25:23.587,1.30554,1.306,1.32,1.50
2011.01.12 19:25:24.174,1.30557,1.30586,2.25,1.50
2011.01.12 19:25:30.363,1.30552,1.3059,2.25,1.50
2011.01.12 19:25:39.910,1.30559,1.30593,2.25,1.50
2011.01.12 19:25:42.155,1.3056,1.30593,1.88,1.50
2011.01.12 19:25:42.394,1.30558,1.30593,2.25,1.50
2011.01.12 19:25:42.957,1.30559,1.30594,1.13,2.25
2011.01.12 19:25:43.194,1.30593,1.30629,1.13,1.58
2011.01.12 19:25:45.283,1.30587,1.30624,2.63,3.00
2011.01.12 19:25:46.300,1.30586,1.30624,2.25,3.00
2011.01.12 19:25:46.414,1.30583,1.30622,2.63,1.50
2011.01.12 19:25:46.812,1.30581,1.3062,2.63,1.50
2011.01.12 19:25:53.061,1.30582,1.3062,2.63,1.58
2011.01.12 19:25:53.683,1.30582,1.3062,2.63,1.50
2011.01.12 19:26:00.813,1.30582,1.30617,2.25,1.50
2011.01.12 19:26:01.378,1.30581,1.30614,1.13,1.50
2011.01.12 19:26:04.600,1.30581,1.30614,1.13,1.50
2011.01.12 19:26:05.308,1.30566,1.30614,2.63,2.25
2011.01.12 19:26:05.435,1.30574,1.30614,1.88,2.25
2011.01.12 19:26:06.214,1.30574,1.30603,1.88,1.50
2011.01.12 19:26:06.355,1.30576,1.30603,1.88,1.50
2011.01.12 19:26:06.474,1.30574,1.30603,1.88,1.50
2011.01.12 19:26:07.034,1.30575,1.30603,1.88,1.50
2011.01.12 19:26:07.742,1.30577,1.30603,1.88,1.50
2011.01.12 19:26:08.411,1.30578,1.30603,1.88,1.50
2011.01.12 19:26:08.742,1.30578,1.30614,1.88,1.50
2011.01.12 19:26:09.695,1.30578,1.30614,2.63,1.50
2011.01.12 19:26:10.413,1.30583,1.30623,2.25,1.50
2011.01.12 19:26:12.164,1.30582,1.30613,1.88,1.50
2011.01.12 19:26:12.283,1.3058,1.30613,1.88,1.50
2011.01.12 19:26:12.899,1.30575,1.30613,1.88,1.50
2011.01.12 19:26:14.746,1.30573,1.30613,2.25,1.50
2011.01.12 19:26:15.914,1.30581,1.30624,2.25,1.50
2011.01.12 19:26:20.268,1.30585,1.30614,2.25,1.50
2011.01.12 19:26:21.158,1.30585,1.30623,2.25,1.50
2011.01.12 19:26:26.297,1.30587,1.30623,2.25,1.50
2011.01.12 19:26:26.852,1.30587,1.30632,2.25,1.50
2011.01.12 19:26:26.966,1.30589,1.30623,2.25,1.50
2011.01.12 19:26:30.152,1.30601,1.3065,1.13,2.48
2011.01.12 19:26:30.377,1.30587,1.30653,1.88,1.50
2011.01.12 19:26:30.604,1.30604,1.30651,2.25,3.23
2011.01.12 19:26:30.943,1.30597,1.30644,2.25,2.25
2011.01.12 19:26:32.042,1.30607,1.30644,2.25,1.50
2011.01.12 19:26:34.663,1.30606,1.30644,2.25,1.69
2011.01.12 19:26:34.788,1.30606,1.30644,2.25,1.69
2011.01.12 19:26:35.359,1.30605,1.30642,2.25,2.67
2011.01.12 19:26:36.285,1.30602,1.30634,2.25,1.50
2011.01.12 19:26:49.833,1.30601,1.30634,1.88,1.69
2011.01.12 19:26:50.163,1.30598,1.30634,2.25,1.69
2011.01.12 19:26:50.834,1.30598,1.30634,2.25,1.50
2011.01.12 19:27:04.072,1.30598,1.30634,2.25,1.50
2011.01.12 19:27:04.417,1.30588,1.30623,2.25,1.50
2011.01.12 19:27:05.584,1.30587,1.30623,2.25,1.50
2011.01.12 19:27:10.522,1.30589,1.30623,2.25,1.50
2011.01.12 19:27:11.839,1.30588,1.30633,2.25,1.13
2011.01.12 19:27:13.347,1.30588,1.30629,2.25,1.50
2011.01.12 19:27:15.743,1.30586,1.30627,1.88,1.50
2011.01.12 19:27:15.866,1.30585,1.3062,1.88,3.04
2011.01.12 19:27:16.203,1.30578,1.30625,2.25,1.50
2011.01.12 19:27:17.095,1.30585,1.30624,2.25,2.25
2011.01.12 19:27:17.220,1.30585,1.30624,2.25,2.44
2011.01.12 19:27:17.334,1.30585,1.30624,1.88,2.44
2011.01.12 19:27:17.564,1.30585,1.30621,1.88,1.92
2011.01.12 19:27:17.683,1.30573,1.30614,1.88,1.69
2011.01.12 19:27:18.682,1.30574,1.30614,1.88,1.50
2011.01.12 19:27:19.053,1.30567,1.30614,2.25,1.50
2011.01.12 19:27:22.566,1.30571,1.30614,1.88,1.50
2011.01.12 19:27:23.136,1.3057,1.30614,1.88,1.50
2011.01.12 19:27:25.202,1.30567,1.30614,2.25,1.50
2011.01.12 19:27:27.032,1.30573,1.30625,2.25,1.50
2011.01.12 19:27:27.663,1.30576,1.30632,1.88,1.50
2011.01.12 19:27:27.783,1.30593,1.30638,2.25,1.50
2011.01.12 19:27:28.703,1.3061,1.30647,2.25,1.50
2011.01.12 19:27:36.191,1.30611,1.30648,2.25,1.50
2011.01.12 19:27:36.837,1.30612,1.3065,2.25,1.50
2011.01.12 19:27:36.957,1.30612,1.3065,2.25,1.50
2011.01.12 19:27:37.073,1.30612,1.30648,2.25,1.50
2011.01.12 19:27:37.553,1.30612,1.30648,1.88,1.50
2011.01.12 19:27:37.674,1.30611,1.30628,1.88,2.67
2011.01.12 19:27:37.793,1.30595,1.30623,1.88,1.32
2011.01.12 19:27:37.915,1.30585,1.30623,2.25,1.32
2011.01.12 19:27:38.034,1.30585,1.30624,2.25,1.88
2011.01.12 19:27:38.665,1.30585,1.30625,2.25,1.32
2011.01.12 19:27:39.237,1.30585,1.30625,2.25,1.32
2011.01.12 19:27:43.041,1.30586,1.30625,2.25,1.32
2011.01.12 19:27:44.411,1.30586,1.30624,2.25,1.32
2011.01.12 19:27:44.634,1.30587,1.30617,2.25,1.92
2011.01.12 19:27:45.226,1.30581,1.30613,2.25,2.44
2011.01.12 19:27:45.466,1.30571,1.30613,2.25,1.50
2011.01.12 19:27:48.137,1.30571,1.30613,2.25,1.69
2011.01.12 19:27:48.369,1.3057,1.30609,2.25,1.92
2011.01.12 19:27:50.068,1.30569,1.30612,2.25,1.50
2011.01.12 19:27:50.767,1.30587,1.30613,1.13,1.50
2011.01.12 19:27:50.893,1.30604,1.30646,1.13,1.50
2011.01.12 19:27:51.013,1.30604,1.30648,1.13,1.50
2011.01.12 19:27:51.982,1.30611,1.30648,2.25,1.50
2011.01.12 19:27:56.642,1.3061,1.30649,2.25,1.50
2011.01.12 19:27:57.152,1.30612,1.30652,2.25,1.50
2011.01.12 19:28:00.941,1.30613,1.30652,2.63,1.50
2011.01.12 19:28:01.692,1.30617,1.30657,1.13,1.50
2011.01.12 19:28:01.810,1.30617,1.30657,2.63,1.50
2011.01.12 19:28:03.315,1.3062,1.30652,1.88,1.50
2011.01.12 19:28:03.965,1.3061,1.30652,1.88,1.50
2011.01.12 19:28:04.081,1.3061,1.30649,1.88,1.50
2011.01.12 19:28:04.303,1.30607,1.30649,2.25,1.50
2011.01.12 19:28:05.159,1.30606,1.30643,2.25,1.50
2011.01.12 19:28:05.513,1.30601,1.30646,2.25,1.50
2011.01.12 19:28:06.440,1.30603,1.30645,2.25,1.50
2011.01.12 19:28:06.663,1.30603,1.30645,2.25,1.50
2011.01.12 19:28:10.137,1.30602,1.30646,2.25,1.50
2011.01.12 19:28:10.911,1.30604,1.3065,2.25,1.50
2011.01.12 19:28:11.885,1.30605,1.3065,2.25,1.50
2011.01.12 19:28:26.844,1.3061,1.3065,2.63,1.50
2011.01.12 19:28:38.193,1.30613,1.3065,2.63,1.50
2011.01.12 19:28:58.557,1.30613,1.30657,2.63,1.50
2011.01.12 19:29:06.054,1.30616,1.30661,2.25,1.50
2011.01.12 19:29:06.927,1.30615,1.30653,2.25,1.50
2011.01.12 19:29:08.073,1.30612,1.30654,2.63,1.50
2011.01.12 19:29:13.319,1.30611,1.3065,2.25,1.50
2011.01.12 19:29:14.037,1.3061,1.30649,1.88,1.50
2011.01.12 19:29:14.154,1.30607,1.30645,2.25,1.50
2011.01.12 19:29:14.382,1.30603,1.3065,2.25,1.50
2011.01.12 19:29:14.928,1.30604,1.30652,2.25,1.50
2011.01.12 19:29:27.462,1.30602,1.30644,2.25,1.50
2011.01.12 19:29:30.964,1.30604,1.30652,2.25,1.50
2011.01.12 19:29:33.485,1.30604,1.30648,2.25,1.50
2011.01.12 19:29:34.251,1.30604,1.30643,2.25,1.50
2011.01.12 19:29:34.592,1.30603,1.30653,2.25,2.25
2011.01.12 19:29:34.978,1.30603,1.30649,2.25,1.50
2011.01.12 19:29:36.208,1.306,1.30644,2.25,1.50
2011.01.12 19:29:36.787,1.306,1.30644,2.25,2.25
2011.01.12 19:29:37.374,1.30598,1.30641,1.88,1.50
2011.01.12 19:29:39.450,1.30599,1.30644,1.88,2.25
2011.01.12 19:29:42.474,1.306,1.30644,1.88,1.50
2011.01.12 19:29:42.922,1.30597,1.30644,2.25,3.00
2011.01.12 19:29:46.133,1.30598,1.30644,1.88,3.00
2011.01.12 19:29:46.252,1.30598,1.30634,1.88,1.50
2011.01.12 19:29:47.199,1.30594,1.30634,2.25,1.50
2011.01.12 19:29:52.668,1.30598,1.30634,1.88,1.50
2011.01.12 19:29:58.767,1.30598,1.30634,1.88,2.25
2011.01.12 19:30:00.636,1.30596,1.30634,2.25,3.00
2011.01.12 19:30:04.109,1.30596,1.30628,2.25,1.50
2011.01.12 19:30:16.664,1.30588,1.30632,2.25,1.50
2011.01.12 19:30:17.182,1.30588,1.30632,2.25,1.50
2011.01.12 19:30:17.304,1.30597,1.30639,2.63,1.50
2011.01.12 19:30:17.533,1.30597,1.30639,2.25,1.50
2011.01.12 19:30:17.654,1.30599,1.30639,1.88,1.50
2011.01.12 19:30:18.345,1.306,1.30639,1.88,1.50
2011.01.12 19:30:20.191,1.306,1.30635,1.88,1.50
2011.01.12 19:30:20.313,1.30596,1.30635,2.25,1.50
2011.01.12 19:30:20.992,1.30595,1.30638,2.25,1.50
2011.01.12 19:30:21.103,1.30595,1.3064,2.25,1.50
2011.01.12 19:30:28.543,1.30594,1.30634,2.25,1.50
2011.01.12 19:30:33.779,1.30597,1.3064,2.25,1.50
2011.01.12 19:30:47.249,1.30598,1.3064,1.88,1.50
2011.01.12 19:30:48.594,1.30597,1.3064,2.25,1.50
2011.01.12 19:31:05.273,1.30594,1.3064,1.88,1.50
2011.01.12 19:31:05.752,1.30594,1.30635,1.88,1.50
2011.01.12 19:31:06.093,1.30591,1.30633,2.25,1.50
2011.01.12 19:31:14.872,1.30594,1.30643,2.25,3.00
2011.01.12 19:31:45.270,1.30595,1.3064,2.25,1.50
2011.01.12 19:31:58.799,1.30597,1.3064,2.63,1.50
2011.01.12 19:32:07.724,1.30597,1.3064,2.25,1.50
2011.01.12 19:32:08.469,1.30597,1.3064,2.25,1.50
2011.01.12 19:32:15.876,1.30597,1.3064,2.63,1.50
2011.01.12 19:32:16.406,1.30601,1.30641,1.13,1.50
2011.01.12 19:32:17.384,1.30604,1.30643,2.63,1.50
2011.01.12 19:32:17.613,1.30609,1.30643,1.13,1.50
2011.01.12 19:32:17.734,1.30607,1.30648,2.25,1.50
2011.01.12 19:32:34.260,1.30602,1.30643,2.25,1.50
2011.01.12 19:32:34.633,1.30597,1.30638,2.25,1.50
2011.01.12 19:32:53.244,1.30598,1.3063,2.25,1.50
2011.01.12 19:33:10.139,1.30592,1.30633,2.25,2.25
2011.01.12 19:33:29.849,1.30586,1.30625,2.25,1.50
2011.01.12 19:33:31.232,1.30586,1.30623,2.25,1.50
2011.01.12 19:33:31.564,1.3059,1.30623,1.88,1.50
2011.01.12 19:33:32.155,1.30585,1.30623,2.25,1.50
2011.01.12 19:33:34.855,1.30587,1.30623,2.63,1.50
2011.01.12 19:33:34.979,1.30588,1.30629,2.25,1.50
2011.01.12 19:33:35.766,1.3059,1.30629,1.88,1.50
2011.01.12 19:33:36.003,1.3059,1.30623,1.88,1.50
2011.01.12 19:33:36.824,1.30589,1.30623,1.88,1.50
2011.01.12 19:33:41.982,1.30588,1.30623,1.88,1.50
2011.01.12 19:33:46.109,1.30587,1.30623,2.25,1.50
2011.01.12 19:33:51.279,1.3059,1.30623,1.88,1.50
2011.01.12 19:33:51.709,1.30588,1.30623,1.88,1.50
2011.01.12 19:33:53.470,1.30588,1.30624,1.88,1.50
2011.01.12 19:33:55.164,1.30589,1.30624,1.88,1.50
2011.01.12 19:33:56.949,1.30587,1.30624,2.25,1.50
2011.01.12 19:34:00.320,1.30589,1.30624,1.88,1.50
2011.01.12 19:34:01.775,1.30591,1.30624,1.88,1.50
2011.01.12 19:34:02.154,1.30588,1.30624,2.03,1.50
2011.01.12 19:34:02.383,1.30592,1.30624,1.88,1.50
2011.01.12 19:34:04.538,1.30593,1.30624,1.88,1.50
2011.01.12 19:34:05.458,1.30594,1.30624,1.88,1.50
2011.01.12 19:34:06.330,1.30598,1.30624,1.88,1.50
2011.01.12 19:34:06.454,1.306,1.30629,1.88,1.50
2011.01.12 19:34:06.903,1.306,1.30624,1.88,1.50
2011.01.12 19:34:07.557,1.30596,1.30624,1.88,1.50
2011.01.12 19:34:08.135,1.30598,1.30624,1.88,1.50
2011.01.12 19:34:08.253,1.30598,1.30633,1.88,3.00
2011.01.12 19:34:08.853,1.30596,1.30634,2.25,2.25
2011.01.12 19:34:09.451,1.30599,1.30634,1.88,2.25
2011.01.12 19:34:10.792,1.30601,1.30636,1.88,1.50
2011.01.12 19:34:12.251,1.306,1.30636,1.88,1.50
2011.01.12 19:34:12.474,1.30598,1.30636,1.88,1.50
2011.01.12 19:34:13.052,1.30599,1.30636,1.88,1.50
2011.01.12 19:34:14.102,1.30598,1.30636,1.88,1.50
2011.01.12 19:34:19.848,1.30597,1.30636,2.25,1.50
2011.01.12 19:34:21.348,1.30599,1.30636,1.88,1.50
2011.01.12 19:34:25.250,1.30598,1.30636,1.88,1.50
2011.01.12 19:34:29.688,1.30597,1.30636,2.25,1.50
2011.01.12 19:34:31.350,1.30597,1.30645,2.25,1.50
2011.01.12 19:34:31.490,1.30604,1.30645,2.25,1.50
2011.01.12 19:34:33.555,1.30602,1.30641,2.25,1.50
2011.01.12 19:34:40.502,1.30603,1.30645,2.25,1.50
2011.01.12 19:34:42.404,1.30603,1.30645,2.25,1.50
2011.01.12 19:34:43.206,1.30606,1.30648,2.25,1.50
2011.01.12 19:34:44.225,1.30609,1.30648,3.00,1.50
2011.01.12 19:34:45.991,1.30613,1.30654,2.63,1.50
2011.01.12 19:34:48.261,1.30613,1.30659,1.13,1.50
2011.01.12 19:34:48.786,1.30622,1.30659,1.13,1.50
2011.01.12 19:34:49.266,1.30634,1.30664,1.88,2.67
2011.01.12 19:34:49.856,1.30613,1.30653,1.88,2.44
2011.01.12 19:34:50.293,1.30607,1.30649,2.25,1.50
2011.01.12 19:34:51.918,1.30608,1.30649,1.88,1.50
2011.01.12 19:34:52.258,1.30608,1.30645,1.88,1.92
2011.01.12 19:34:52.865,1.306,1.30643,1.88,1.50
2011.01.12 19:34:53.682,1.306,1.3064,1.88,1.50
2011.01.12 19:34:54.024,1.30599,1.30633,1.88,1.50
2011.01.12 19:34:56.076,1.30599,1.30644,1.88,2.44
2011.01.12 19:34:56.305,1.306,1.30644,1.88,3.19
2011.01.12 19:34:56.843,1.306,1.30644,2.25,2.25
2011.01.12 19:34:57.646,1.30601,1.3065,2.25,1.50
2011.01.12 19:34:57.786,1.30603,1.30654,2.25,1.50
2011.01.12 19:35:00.175,1.30603,1.30649,1.88,1.50
2011.01.12 19:35:00.810,1.3061,1.30653,1.88,1.50
2011.01.12 19:35:01.152,1.3061,1.30649,1.88,1.50
2011.01.12 19:35:01.668,1.3061,1.30649,1.88,2.44
2011.01.12 19:35:01.796,1.30591,1.30624,1.88,1.50
2011.01.12 19:35:01.914,1.30591,1.30631,2.25,1.50
2011.01.12 19:35:02.589,1.30585,1.30623,2.25,1.50
2011.01.12 19:35:02.710,1.30578,1.30605,1.88,2.67
2011.01.12 19:35:03.092,1.30571,1.30593,1.88,1.50
2011.01.12 19:35:03.762,1.30566,1.30593,2.25,1.50
2011.01.12 19:35:03.995,1.30566,1.30603,2.25,1.69
2011.01.12 19:35:05.006,1.30564,1.30604,2.25,2.25
2011.01.12 19:35:05.924,1.30572,1.30604,1.88,1.50
2011.01.12 19:35:06.670,1.30572,1.30613,2.25,1.50
2011.01.12 19:35:06.795,1.30574,1.30623,2.25,3.23
2011.01.12 19:35:07.133,1.30567,1.30614,2.25,1.50
2011.01.12 19:35:07.708,1.30567,1.30614,2.25,1.50
2011.01.12 19:35:07.835,1.3057,1.30614,1.88,1.50
2011.01.12 19:35:07.955,1.30575,1.30614,1.88,1.50
2011.01.12 19:35:08.638,1.3057,1.30614,2.25,1.50
2011.01.12 19:35:08.873,1.3057,1.30614,1.88,1.50
2011.01.12 19:35:08.983,1.30575,1.30614,1.88,1.50
2011.01.12 19:35:09.647,1.30575,1.30613,2.25,1.50
2011.01.12 19:35:13.894,1.3057,1.30602,2.25,2.67
2011.01.12 19:35:14.021,1.3057,1.30604,2.25,1.50
2011.01.12 19:35:14.601,1.3056,1.30594,2.25,1.50
2011.01.12 19:35:15.571,1.30562,1.30593,2.25,1.50
2011.01.12 19:35:18.524,1.30563,1.30613,2.25,1.50
2011.01.12 19:35:18.650,1.30564,1.30613,2.25,1.50
2011.01.12 19:35:19.254,1.3057,1.30603,1.88,1.50
2011.01.12 19:35:20.314,1.30576,1.30603,1.88,1.50
2011.01.12 19:35:20.535,1.30574,1.30613,1.88,1.50
2011.01.12 19:35:21.471,1.30575,1.30613,1.88,1.50
2011.01.12 19:35:22.297,1.30576,1.30613,1.88,1.50
2011.01.12 19:35:22.527,1.30578,1.30613,1.88,1.50
2011.01.12 19:35:23.449,1.30581,1.30613,1.88,1.50
2011.01.12 19:35:27.664,1.3058,1.30613,1.88,1.50
2011.01.12 19:35:27.831,1.30578,1.30613,1.88,1.50
2011.01.12 19:35:28.790,1.30579,1.30613,1.88,1.50
2011.01.12 19:35:29.614,1.3058,1.30613,1.88,1.50
2011.01.12 19:35:30.240,1.30576,1.30624,2.25,1.50
2011.01.12 19:35:31.288,1.30585,1.30624,1.88,1.50
2011.01.12 19:35:33.422,1.30583,1.30624,1.88,1.50
2011.01.12 19:35:33.932,1.30577,1.30624,2.25,1.50
2011.01.12 19:35:34.652,1.30576,1.30624,2.25,2.25
2011.01.12 19:35:35.374,1.30576,1.30614,1.88,1.50
2011.01.12 19:35:35.506,1.30568,1.30614,2.25,1.50
2011.01.12 19:35:37.872,1.30566,1.30614,2.63,1.50
2011.01.12 19:35:38.004,1.3058,1.30624,1.88,1.50
2011.01.12 19:35:38.237,1.30577,1.30624,2.25,1.50
2011.01.12 19:35:38.924,1.30583,1.30624,1.88,1.50
2011.01.12 19:35:39.289,1.30585,1.30624,1.88,1.50
2011.01.12 19:35:39.955,1.30584,1.30624,1.88,1.50
2011.01.12 19:35:41.261,1.30585,1.30624,1.88,1.50
2011.01.12 19:35:58.479,1.30585,1.30623,1.88,1.50
2011.01.12 19:36:01.579,1.30578,1.30623,1.88,1.50
2011.01.12 19:36:02.401,1.30578,1.30614,1.88,1.50
2011.01.12 19:36:02.988,1.30578,1.30624,1.88,1.50
2011.01.12 19:36:03.722,1.30576,1.30613,2.25,1.50
2011.01.12 19:36:04.741,1.30579,1.30613,1.88,1.50
2011.01.12 19:36:07.573,1.30577,1.30613,2.25,1.50
2011.01.12 19:36:21.175,1.30579,1.30613,1.88,1.50
2011.01.12 19:36:23.015,1.30579,1.30614,1.88,1.50
2011.01.12 19:36:30.699,1.30575,1.30614,1.88,1.50
2011.01.12 19:36:32.229,1.30578,1.30614,1.88,1.50
2011.01.12 19:36:33.569,1.30579,1.30614,1.88,1.50
2011.01.12 19:36:38.055,1.30586,1.30614,1.88,1.50
2011.01.12 19:36:38.744,1.30586,1.30614,2.25,1.50
2011.01.12 19:36:38.869,1.30591,1.30623,1.88,1.50
2011.01.12 19:36:39.399,1.3059,1.30623,1.88,1.50
2011.01.12 19:36:39.753,1.30593,1.30623,1.88,1.50
2011.01.12 19:36:40.754,1.30592,1.30623,1.88,1.50
2011.01.12 19:36:43.659,1.3059,1.30623,1.88,1.50
2011.01.12 19:36:44.665,1.30587,1.30623,1.88,1.50
2011.01.12 19:36:46.134,1.30585,1.30623,1.88,1.50
2011.01.12 19:36:47.036,1.30587,1.30623,1.88,1.50
2011.01.12 19:36:48.563,1.30586,1.30623,1.88,1.50
2011.01.12 19:36:50.406,1.30585,1.30623,1.88,1.50
2011.01.12 19:36:53.766,1.30585,1.30613,1.88,1.50
2011.01.12 19:36:54.477,1.30573,1.30614,2.25,1.50
2011.01.12 19:36:54.823,1.30593,1.30613,1.88,1.50
2011.01.12 19:36:55.365,1.30595,1.30613,1.88,1.50
2011.01.12 19:36:55.670,1.30599,1.30613,1.88,1.50
2011.01.12 19:36:58.489,1.30594,1.30613,1.88,1.50
2011.01.12 19:36:58.609,1.30596,1.30613,1.88,1.50
2011.01.12 19:36:59.391,1.30596,1.30624,1.88,1.50
2011.01.12 19:37:00.000,1.30595,1.30624,1.88,1.50
2011.01.12 19:37:00.334,1.30597,1.30624,1.88,1.50
2011.01.12 19:37:00.698,1.306,1.30624,1.88,1.50
2011.01.12 19:37:04.535,1.30602,1.30624,1.88,1.50
2011.01.12 19:37:06.612,1.30602,1.30634,1.88,1.50
2011.01.12 19:37:06.728,1.30599,1.30634,1.88,1.50
2011.01.12 19:37:07.583,1.306,1.30634,1.88,1.50
2011.01.12 19:37:07.696,1.30599,1.30623,1.88,1.50
2011.01.12 19:37:07.813,1.30599,1.30634,1.88,1.50
2011.01.12 19:37:08.619,1.30598,1.30634,2.25,1.50
2011.01.12 19:37:09.186,1.30599,1.30634,1.88,1.50
2011.01.12 19:37:15.676,1.30598,1.30634,2.25,1.50
2011.01.12 19:37:17.887,1.306,1.30634,1.88,1.50
2011.01.12 19:37:19.168,1.30599,1.30634,1.88,1.50
2011.01.12 19:37:21.306,1.306,1.30634,1.88,1.50
2011.01.12 19:37:21.849,1.306,1.30624,1.88,1.50
2011.01.12 19:37:21.975,1.30593,1.30624,1.88,1.50
2011.01.12 19:37:22.094,1.30593,1.30614,1.88,1.50
2011.01.12 19:37:22.826,1.30592,1.30614,1.88,1.50
2011.01.12 19:37:23.804,1.30591,1.30624,1.88,1.50
2011.01.12 19:37:26.545,1.30591,1.30624,2.25,2.25
2011.01.12 19:37:26.675,1.30582,1.30624,2.25,2.25
2011.01.12 19:37:27.363,1.30582,1.30623,2.63,1.50
2011.01.12 19:37:28.766,1.3059,1.30613,2.25,1.50
2011.01.12 19:37:29.913,1.30588,1.30624,2.25,1.50
2011.01.12 19:37:37.477,1.3059,1.30624,2.25,2.25
2011.01.12 19:37:38.028,1.3059,1.30624,1.88,2.25
2011.01.12 19:37:38.152,1.30586,1.30624,2.25,2.25
2011.01.12 19:37:39.026,1.30586,1.30624,2.63,2.25
2011.01.12 19:37:39.627,1.30597,1.30634,1.88,1.50
2011.01.12 19:37:39.871,1.30599,1.30634,1.88,1.50
2011.01.12 19:37:40.444,1.30605,1.30634,1.88,1.50
2011.01.12 19:37:40.571,1.30603,1.30634,1.88,1.50
2011.01.12 19:37:40.795,1.30603,1.30634,1.88,2.25
2011.01.12 19:37:41.135,1.30592,1.30623,1.88,1.50
2011.01.12 19:37:41.783,1.30588,1.30623,1.88,1.50
2011.01.12 19:37:42.223,1.3059,1.30623,1.88,1.50
2011.01.12 19:37:48.247,1.3059,1.3063,1.88,1.50
2011.01.12 19:37:48.364,1.3059,1.3063,2.63,1.50
2011.01.12 19:37:48.705,1.3059,1.30634,2.63,2.25
2011.01.12 19:37:49.706,1.30598,1.30634,1.88,2.25
2011.01.12 19:37:49.824,1.30597,1.30634,2.25,2.25
2011.01.12 19:37:51.646,1.30599,1.30634,1.88,2.25
2011.01.12 19:37:52.531,1.306,1.30634,1.88,1.50
2011.01.12 19:37:52.877,1.30601,1.30631,1.88,1.50
2011.01.12 19:37:53.627,1.306,1.3064,2.63,1.50
2011.01.12 19:37:53.747,1.30587,1.30643,1.13,1.50
2011.01.12 19:37:53.868,1.30603,1.30643,2.25,1.50
2011.01.12 19:37:56.558,1.30605,1.30643,2.25,1.50
2011.01.12 19:37:57.135,1.30605,1.30651,2.25,1.50
2011.01.12 19:37:58.127,1.30612,1.30654,2.25,3.00
2011.01.12 19:37:59.257,1.30613,1.30654,2.25,1.50
2011.01.12 19:37:59.371,1.30608,1.30645,1.88,1.50
2011.01.12 19:37:59.817,1.30608,1.30653,2.25,3.00
2011.01.12 19:38:10.165,1.30612,1.30652,2.25,1.50
2011.01.12 19:38:13.126,1.30613,1.30652,1.88,1.50
2011.01.12 19:38:13.256,1.30613,1.30635,1.88,1.32
2011.01.12 19:38:13.377,1.30604,1.30628,1.88,1.92
2011.01.12 19:38:13.605,1.30603,1.30633,1.88,3.00
2011.01.12 19:38:13.728,1.30585,1.30625,2.25,1.50
2011.01.12 19:38:14.375,1.30576,1.30619,2.25,1.50
2011.01.12 19:38:14.833,1.30573,1.30614,2.25,1.50
2011.01.12 19:38:15.268,1.30569,1.30607,2.25,1.50
2011.01.12 19:38:18.319,1.30569,1.30613,2.25,1.50
2011.01.12 19:38:19.436,1.30573,1.30613,2.25,1.50
2011.01.12 19:38:45.474,1.30583,1.30614,2.25,1.50
2011.01.12 19:38:45.600,1.30583,1.30631,2.63,1.50
2011.01.12 19:38:45.716,1.30583,1.30631,2.63,1.50
2011.01.12 19:38:46.057,1.30587,1.30631,2.25,1.50
2011.01.12 19:38:47.245,1.30586,1.30624,2.25,1.50
2011.01.12 19:38:48.313,1.30585,1.30624,2.25,1.50
2011.01.12 19:38:48.431,1.30585,1.30631,2.63,1.50
2011.01.12 19:38:48.656,1.30587,1.30631,2.25,1.50
2011.01.12 19:38:48.885,1.30584,1.30628,2.25,1.50
2011.01.12 19:38:49.224,1.30584,1.30623,2.63,1.50
2011.01.12 19:38:49.568,1.30591,1.30633,2.25,3.00
2011.01.12 19:38:53.987,1.30594,1.30635,2.25,1.13
2011.01.12 19:38:54.786,1.30594,1.30636,2.25,1.13
2011.01.12 19:38:59.280,1.30592,1.30633,2.25,3.00
