2012.12.10 16:00:00.058,1.25776,1.25806,1.88,1.50
2012.12.10 16:00:00.565,1.25776,1.25806,2.48,1.50
2012.12.10 16:00:03.577,1.2578,1.25811,1.73,1.88
2012.12.10 16:00:03.704,1.2578,1.25811,1.73,1.65
2012.12.10 16:00:04.084,1.25777,1.25811,1.51,1.65
2012.12.10 16:00:04.245,1.25776,1.25806,4.64,1.50
2012.12.10 16:00:05.506,1.25777,1.25804,1.54,1.50
2012.12.10 16:00:07.674,1.25777,1.25803,1.54,1.50
2012.12.10 16:00:07.747,1.25776,1.25803,1.13,1.73
2012.12.10 16:00:08.594,1.25769,1.25799,1.69,1.50
2012.12.10 16:00:09.365,1.25773,1.25803,1.73,1.35
2012.12.10 16:00:09.434,1.25773,1.25803,1.73,1.35
2012.12.10 16:00:09.554,1.25774,1.25804,1.73,1.50
2012.12.10 16:00:10.216,1.25774,1.25806,1.73,1.50
2012.12.10 16:00:10.724,1.25776,1.25804,1.35,1.50
2012.12.10 16:00:11.414,1.25776,1.25807,2.10,1.50
2012.12.10 16:00:12.367,1.25776,1.25807,2.10,1.50
2012.12.10 16:00:12.556,1.25776,1.25807,1.13,1.86
2012.12.10 16:00:13.352,1.25776,1.258,1.13,1.50
2012.12.10 16:00:13.543,1.25769,1.25797,3.00,1.50
2012.12.10 16:00:15.124,1.25771,1.25803,1.13,1.73
2012.12.10 16:00:15.253,1.25771,1.25803,1.13,1.88
2012.12.10 16:00:15.875,1.25774,1.25803,1.73,1.50
2012.12.10 16:00:16.069,1.25776,1.25803,1.54,1.50
2012.12.10 16:00:17.105,1.25774,1.25803,1.54,1.50
2012.12.10 16:00:17.465,1.25769,1.258,2.80,1.50
2012.12.10 16:00:17.988,1.25769,1.258,3.00,1.50
2012.12.10 16:00:18.773,1.25769,1.258,1.88,1.50
2012.12.10 16:00:23.487,1.25768,1.258,1.35,1.88
2012.12.10 16:00:23.866,1.25766,1.25797,1.73,2.03
2012.12.10 16:00:23.937,1.25766,1.25796,1.73,1.13
2012.12.10 16:00:24.065,1.25766,1.25797,1.73,2.03
2012.12.10 16:00:24.494,1.25773,1.25798,1.13,1.13
2012.12.10 16:00:24.795,1.25774,1.25802,1.54,1.32
2012.12.10 16:00:24.927,1.25774,1.25803,2.10,1.50
2012.12.10 16:00:26.357,1.25774,1.25803,1.54,1.50
2012.12.10 16:00:26.703,1.25774,1.25799,1.35,1.50
2012.12.10 16:00:34.185,1.25773,1.25803,1.13,3.23
2012.12.10 16:00:34.374,1.25773,1.25804,1.13,1.35
2012.12.10 16:00:34.563,1.25781,1.25804,2.40,1.13
2012.12.10 16:00:34.684,1.25784,1.25804,1.13,1.13
2012.12.10 16:00:35.018,1.25781,1.25804,2.63,1.13
2012.12.10 16:00:36.807,1.2578,1.25804,1.88,1.28
2012.12.10 16:00:37.927,1.2578,1.25805,1.54,1.28
2012.12.10 16:00:40.224,1.25779,1.25805,1.54,1.28
2012.12.10 16:00:51.733,1.25779,1.25805,1.54,1.41
2012.12.10 16:00:52.314,1.25779,1.25804,1.54,1.41
2012.12.10 16:00:52.555,1.25778,1.25804,1.35,1.65
2012.12.10 16:00:53.144,1.25778,1.25804,1.35,2.01
2012.12.10 16:00:53.664,1.25778,1.25804,1.35,1.64
2012.12.10 16:00:54.084,1.25774,1.25804,2.48,2.01
2012.12.10 16:00:54.638,1.25774,1.25804,2.48,1.64
2012.12.10 16:00:55.048,1.25774,1.25804,2.48,2.01
2012.12.10 16:00:55.744,1.25774,1.25804,2.48,2.01
2012.12.10 16:00:57.393,1.25774,1.25801,1.73,1.64
2012.12.10 16:00:57.513,1.25772,1.25801,1.35,1.64
2012.12.10 16:00:59.183,1.25773,1.25801,1.54,1.26
2012.12.10 16:01:00.306,1.25773,1.258,2.10,1.26
2012.12.10 16:01:00.826,1.25769,1.25798,3.07,1.64
2012.12.10 16:01:00.904,1.25769,1.25798,2.44,1.64
2012.12.10 16:01:03.034,1.25769,1.25797,2.28,1.64
2012.12.10 16:01:03.153,1.25769,1.25804,3.03,3.51
2012.12.10 16:01:19.665,1.25773,1.25804,1.54,2.01
2012.12.10 16:01:21.063,1.25772,1.25804,2.10,1.64
2012.12.10 16:01:21.602,1.25773,1.25804,1.54,2.01
2012.12.10 16:01:27.101,1.25776,1.25804,1.73,1.04
2012.12.10 16:01:27.602,1.25776,1.25804,1.73,1.41
2012.12.10 16:01:27.913,1.25777,1.25808,1.73,2.39
2012.12.10 16:01:28.264,1.25777,1.25808,1.73,2.01
2012.12.10 16:01:29.793,1.25777,1.25805,1.73,1.26
2012.12.10 16:01:31.653,1.25775,1.25805,1.32,1.64
2012.12.10 16:01:31.713,1.25778,1.25805,1.54,1.50
2012.12.10 16:01:32.104,1.25778,1.25805,2.10,1.64
2012.12.10 16:01:32.634,1.25778,1.25805,2.10,1.26
2012.12.10 16:01:33.174,1.25778,1.25805,2.10,1.26
2012.12.10 16:01:33.891,1.25778,1.25805,2.10,1.26
2012.12.10 16:01:34.323,1.25779,1.25804,1.54,1.26
2012.12.10 16:01:34.967,1.25779,1.25804,1.54,1.26
2012.12.10 16:01:35.613,1.25779,1.25804,1.54,1.26
2012.12.10 16:01:42.505,1.25779,1.25807,1.54,1.26
2012.12.10 16:01:42.944,1.25779,1.25807,1.54,1.41
2012.12.10 16:01:43.010,1.25777,1.25804,2.48,1.41
2012.12.10 16:01:43.456,1.25777,1.25804,2.48,1.41
2012.12.10 16:01:47.164,1.25778,1.25807,2.48,1.41
2012.12.10 16:01:47.493,1.25778,1.25807,3.04,1.41
2012.12.10 16:01:47.555,1.25778,1.25807,3.60,1.28
2012.12.10 16:01:47.786,1.25778,1.25804,2.85,1.41
2012.12.10 16:01:48.392,1.25778,1.25804,2.85,1.41
2012.12.10 16:01:49.094,1.25778,1.25804,2.85,1.04
2012.12.10 16:01:49.215,1.25778,1.25804,2.85,1.41
2012.12.10 16:01:49.546,1.25778,1.25807,2.10,1.28
2012.12.10 16:01:49.735,1.25778,1.25804,1.35,1.28
2012.12.10 16:01:50.298,1.25779,1.25804,2.29,1.41
2012.12.10 16:01:50.994,1.25777,1.25808,1.73,1.35
2012.12.10 16:01:51.115,1.25777,1.25808,1.73,1.73
2012.12.10 16:01:51.303,1.25778,1.25795,1.50,1.54
2012.12.10 16:01:51.606,1.25778,1.25796,1.50,1.13
2012.12.10 16:01:53.055,1.25778,1.25802,1.50,1.54
2012.12.10 16:01:53.494,1.25778,1.25802,1.50,1.35
2012.12.10 16:01:53.635,1.25778,1.25803,1.73,1.88
2012.12.10 16:01:55.134,1.25785,1.25803,1.50,1.88
2012.12.10 16:01:55.383,1.25788,1.25813,1.13,2.10
2012.12.10 16:01:55.573,1.25787,1.25813,1.35,1.88
2012.12.10 16:01:56.943,1.2578,1.25811,1.17,1.13
2012.12.10 16:01:57.064,1.25779,1.25811,2.10,1.13
2012.12.10 16:01:57.243,1.25779,1.25811,1.73,1.28
2012.12.10 16:02:01.843,1.25781,1.25811,1.35,1.28
2012.12.10 16:02:02.083,1.25783,1.25811,1.73,1.05
2012.12.10 16:02:08.674,1.25783,1.25812,2.44,1.65
2012.12.10 16:02:08.875,1.25783,1.25811,2.63,1.28
2012.12.10 16:02:13.054,1.25783,1.2581,1.60,1.65
2012.12.10 16:02:13.806,1.25783,1.2581,1.60,1.65
2012.12.10 16:02:17.085,1.25783,1.25811,1.60,1.13
2012.12.10 16:02:17.610,1.25778,1.25811,2.39,1.13
2012.12.10 16:02:18.444,1.25777,1.25811,5.95,1.13
2012.12.10 16:02:18.965,1.25778,1.25811,2.39,1.13
2012.12.10 16:02:19.550,1.25777,1.25811,5.95,1.13
2012.12.10 16:02:19.704,1.25782,1.25812,2.31,1.88
2012.12.10 16:02:19.774,1.25782,1.25812,1.65,1.65
2012.12.10 16:02:41.486,1.25791,1.25816,1.32,1.28
2012.12.10 16:02:44.955,1.25788,1.25812,1.54,1.13
2012.12.10 16:02:45.025,1.25784,1.25812,1.32,1.13
2012.12.10 16:02:45.098,1.25782,1.25812,4.22,1.13
2012.12.10 16:02:46.534,1.25782,1.25811,1.50,1.73
2012.12.10 16:02:50.373,1.25782,1.25811,1.88,1.73
2012.12.10 16:02:50.613,1.25781,1.25811,2.63,1.65
2012.12.10 16:02:51.411,1.25782,1.25811,1.73,1.73
2012.12.10 16:02:53.928,1.2578,1.25811,1.73,1.73
2012.12.10 16:02:54.055,1.25777,1.25808,1.65,2.10
2012.12.10 16:02:54.177,1.25777,1.25809,2.40,1.73
2012.12.10 16:02:54.305,1.25781,1.25812,1.54,2.63
2012.12.10 16:02:54.615,1.25781,1.25809,2.82,1.50
2012.12.10 16:02:54.835,1.25781,1.25811,2.25,1.13
2012.12.10 16:02:58.194,1.25779,1.25806,2.29,1.32
2012.12.10 16:02:58.264,1.25779,1.25805,1.50,1.54
2012.12.10 16:02:58.323,1.25777,1.25805,1.65,1.54
2012.12.10 16:02:58.444,1.25777,1.25805,1.65,1.54
2012.12.10 16:02:58.504,1.25777,1.25805,1.88,1.32
2012.12.10 16:03:02.534,1.25779,1.25809,2.48,1.50
2012.12.10 16:03:02.605,1.25779,1.25809,2.82,1.50
2012.12.10 16:03:02.795,1.25778,1.25811,1.73,1.13
2012.12.10 16:03:08.493,1.25779,1.25811,1.26,1.13
2012.12.10 16:03:08.615,1.25779,1.25812,1.26,1.13
2012.12.10 16:04:08.464,1.25782,1.25818,1.58,1.13
2012.12.10 16:04:15.933,1.25788,1.25815,1.13,1.13
2012.12.10 16:04:16.243,1.25788,1.25815,1.13,1.13
2012.12.10 16:04:20.939,1.2579,1.25812,1.35,1.13
2012.12.10 16:04:21.066,1.2579,1.25812,1.20,1.13
2012.12.10 16:04:22.553,1.25784,1.25817,1.04,1.88
2012.12.10 16:04:22.755,1.25783,1.25819,2.58,1.65
2012.12.10 16:04:23.303,1.25791,1.25819,1.28,1.65
2012.12.10 16:04:36.719,1.25787,1.25818,2.21,1.05
2012.12.10 16:04:48.106,1.25787,1.25814,1.98,1.13
2012.12.10 16:04:53.404,1.25787,1.25813,2.21,1.05
2012.12.10 16:04:59.644,1.25787,1.25813,1.98,1.05
2012.12.10 16:04:59.954,1.25787,1.25816,2.21,1.47
2012.12.10 16:05:00.313,1.25787,1.25817,1.68,1.88
2012.12.10 16:05:01.125,1.25787,1.25811,1.98,1.13
2012.12.10 16:05:01.434,1.25787,1.25813,2.21,1.47
2012.12.10 16:05:02.623,1.25787,1.25812,1.98,1.13
2012.12.10 16:05:02.803,1.25787,1.25807,1.50,1.54
2012.12.10 16:05:03.357,1.25787,1.25807,1.50,1.54
2012.12.10 16:05:04.425,1.25782,1.25811,2.31,1.13
2012.12.10 16:05:04.803,1.25787,1.25817,1.07,1.88
2012.12.10 16:05:06.453,1.25782,1.25811,1.79,1.13
2012.12.10 16:05:07.715,1.25787,1.25811,1.02,1.13
2012.12.10 16:05:13.403,1.25787,1.25809,1.02,1.54
2012.12.10 16:05:13.595,1.25787,1.25809,1.02,1.32
2012.12.10 16:05:14.429,1.25787,1.25809,1.02,1.32
2012.12.10 16:05:15.395,1.25787,1.25809,1.02,1.32
2012.12.10 16:05:15.514,1.25786,1.25812,1.18,1.05
2012.12.10 16:05:35.365,1.25786,1.2581,1.03,1.13
2012.12.10 16:05:37.974,1.25781,1.25809,2.21,1.54
2012.12.10 16:05:42.727,1.25781,1.25809,2.21,1.54
2012.12.10 16:05:45.492,1.25781,1.25809,1.46,1.32
2012.12.10 16:05:46.247,1.25781,1.25809,1.46,1.32
2012.12.10 16:05:50.213,1.25781,1.25809,1.49,1.32
2012.12.10 16:05:52.404,1.25779,1.25812,1.90,1.13
2012.12.10 16:05:52.653,1.25781,1.25812,1.49,1.13
2012.12.10 16:05:52.954,1.25781,1.25812,1.49,1.13
2012.12.10 16:05:53.074,1.25781,1.25812,1.49,1.13
2012.12.10 16:05:53.936,1.25786,1.25816,1.49,1.69
2012.12.10 16:05:54.182,1.25781,1.25816,3.21,2.44
2012.12.10 16:05:57.734,1.25781,1.25808,3.00,1.54
2012.12.10 16:05:57.796,1.25779,1.25808,1.13,2.10
2012.12.10 16:05:58.234,1.25779,1.25809,1.73,1.88
2012.12.10 16:05:58.665,1.25779,1.25808,1.35,1.32
2012.12.10 16:05:58.846,1.25778,1.25808,1.13,1.54
2012.12.10 16:05:58.916,1.25779,1.25808,1.13,1.54
2012.12.10 16:05:59.044,1.25779,1.25811,1.35,1.13
2012.12.10 16:06:01.763,1.25782,1.25813,2.48,1.13
2012.12.10 16:06:08.724,1.25781,1.25816,1.88,1.69
2012.12.10 16:06:09.455,1.25782,1.25816,3.23,2.03
2012.12.10 16:06:10.064,1.25782,1.25816,3.23,1.28
2012.12.10 16:06:10.348,1.25789,1.25817,1.54,1.47
2012.12.10 16:06:10.534,1.2579,1.25817,1.35,1.65
2012.12.10 16:06:10.754,1.25789,1.25817,1.35,1.65
2012.12.10 16:06:10.984,1.25789,1.25818,2.10,2.40
2012.12.10 16:06:25.157,1.2579,1.25818,2.10,1.65
2012.12.10 16:06:34.475,1.2579,1.25818,1.32,1.73
2012.12.10 16:06:34.794,1.25789,1.25817,1.13,1.73
2012.12.10 16:06:35.153,1.25789,1.25817,1.13,1.73
2012.12.10 16:06:35.456,1.2579,1.25818,1.54,1.50
2012.12.10 16:06:35.765,1.25784,1.25817,2.29,2.82
2012.12.10 16:06:45.137,1.25784,1.25815,1.35,1.50
2012.12.10 16:06:45.266,1.25784,1.25817,1.13,1.73
2012.12.10 16:06:47.196,1.25783,1.25817,1.35,1.73
2012.12.10 16:06:47.326,1.25783,1.25817,1.35,1.50
2012.12.10 16:06:47.934,1.25783,1.25814,1.35,1.50
2012.12.10 16:06:48.235,1.25783,1.25813,1.13,1.73
2012.12.10 16:06:48.414,1.25783,1.25814,1.13,1.73
2012.12.10 16:06:48.474,1.25783,1.25814,1.35,1.50
2012.12.10 16:06:49.205,1.25784,1.25813,1.13,1.50
2012.12.10 16:06:49.734,1.25779,1.25813,1.35,1.50
2012.12.10 16:06:53.924,1.25782,1.25813,1.54,1.65
2012.12.10 16:06:53.984,1.25782,1.25813,1.54,1.65
2012.12.10 16:06:57.341,1.25783,1.25813,1.35,1.65
2012.12.10 16:06:57.648,1.25782,1.25813,1.54,1.65
2012.12.10 16:06:59.985,1.2578,1.25814,3.23,1.88
2012.12.10 16:07:00.374,1.25781,1.25813,1.73,1.65
2012.12.10 16:07:00.434,1.25781,1.25812,1.73,1.13
2012.12.10 16:07:04.444,1.25777,1.25809,3.42,1.32
2012.12.10 16:07:04.627,1.25777,1.25809,2.63,2.10
2012.12.10 16:07:05.315,1.25777,1.25808,2.63,1.54
2012.12.10 16:07:05.444,1.25777,1.25808,3.38,2.10
2012.12.10 16:07:05.564,1.25777,1.25808,3.60,1.88
2012.12.10 16:07:13.938,1.25777,1.25808,3.19,1.54
2012.12.10 16:07:14.619,1.25777,1.25808,1.13,1.54
2012.12.10 16:07:19.309,1.25777,1.25808,1.13,2.10
2012.12.10 16:07:19.434,1.25777,1.25808,1.88,2.10
2012.12.10 16:07:19.494,1.25777,1.25808,2.10,1.88
2012.12.10 16:07:20.645,1.25777,1.25808,2.85,1.32
2012.12.10 16:07:20.825,1.25774,1.25808,1.26,1.54
2012.12.10 16:07:21.580,1.25775,1.25808,1.73,1.54
2012.12.10 16:07:21.650,1.25776,1.25809,1.35,2.10
2012.12.10 16:07:21.791,1.25775,1.25809,2.48,2.10
2012.12.10 16:07:26.867,1.25772,1.25809,2.39,2.10
2012.12.10 16:07:27.575,1.25776,1.25808,1.35,1.54
2012.12.10 16:07:31.635,1.25776,1.25808,2.25,1.54
2012.12.10 16:07:31.765,1.25778,1.25808,1.50,1.32
2012.12.10 16:07:37.656,1.25778,1.25814,1.79,3.00
2012.12.10 16:07:37.846,1.25778,1.25808,1.56,2.10
2012.12.10 16:07:39.428,1.25778,1.25808,1.28,1.54
2012.12.10 16:07:40.616,1.25771,1.25805,1.60,1.13
2012.12.10 16:07:40.815,1.25771,1.25805,4.56,1.13
2012.12.10 16:07:42.166,1.25771,1.25805,3.06,1.13
2012.12.10 16:07:42.417,1.25772,1.25803,1.73,1.50
2012.12.10 16:07:43.725,1.25772,1.25805,2.85,1.13
2012.12.10 16:07:45.166,1.25772,1.25805,2.48,1.13
2012.12.10 16:07:47.125,1.25773,1.25806,1.35,2.10
2012.12.10 16:07:53.375,1.25773,1.25805,1.88,1.13
2012.12.10 16:07:53.614,1.2577,1.25801,1.50,1.54
2012.12.10 16:07:53.675,1.2577,1.25801,1.50,1.54
2012.12.10 16:07:53.736,1.25773,1.25801,1.13,1.54
2012.12.10 16:07:55.697,1.25775,1.25803,1.47,1.32
2012.12.10 16:07:55.885,1.25777,1.25809,1.13,1.50
2012.12.10 16:08:00.503,1.25778,1.25813,1.13,2.29
2012.12.10 16:08:00.624,1.25781,1.25813,2.48,2.63
2012.12.10 16:08:01.886,1.25782,1.25813,1.35,1.50
2012.12.10 16:08:02.014,1.25778,1.25808,2.03,2.10
2012.12.10 16:08:02.545,1.25778,1.25808,1.28,1.54
2012.12.10 16:08:02.844,1.25778,1.25808,2.03,1.54
2012.12.10 16:08:03.024,1.25778,1.25809,2.25,1.88
2012.12.10 16:08:04.674,1.25779,1.25808,2.10,1.32
2012.12.10 16:08:04.795,1.25778,1.25809,1.28,2.10
2012.12.10 16:08:05.157,1.25778,1.25809,2.03,1.35
2012.12.10 16:08:05.405,1.25785,1.25818,2.10,1.88
2012.12.10 16:08:06.178,1.25786,1.25818,1.54,1.88
2012.12.10 16:08:06.311,1.25786,1.25818,1.83,1.88
2012.12.10 16:08:06.554,1.25785,1.25816,1.35,1.65
2012.12.10 16:08:10.964,1.25785,1.25819,2.04,1.65
2012.12.10 16:08:11.634,1.25785,1.25814,2.04,1.50
2012.12.10 16:08:12.079,1.25776,1.25805,2.82,1.13
2012.12.10 16:08:12.499,1.25772,1.25805,2.48,1.54
2012.12.10 16:08:12.917,1.25773,1.25805,1.92,1.54
2012.12.10 16:08:12.985,1.25773,1.25806,1.35,2.10
2012.12.10 16:08:13.104,1.25773,1.25806,1.92,2.10
2012.12.10 16:08:15.185,1.25773,1.25806,1.73,1.35
2012.12.10 16:08:15.425,1.25776,1.25806,2.48,1.13
2012.12.10 16:08:15.984,1.25776,1.25809,2.48,1.50
2012.12.10 16:08:16.945,1.25777,1.2581,1.73,1.13
2012.12.10 16:08:17.185,1.2578,1.25813,2.48,3.57
2012.12.10 16:08:17.735,1.25783,1.25814,2.10,2.25
2012.12.10 16:08:20.725,1.25778,1.25814,3.28,1.67
2012.12.10 16:08:20.798,1.25781,1.25814,1.73,1.90
2012.12.10 16:08:25.623,1.25779,1.25808,1.73,1.13
2012.12.10 16:08:26.125,1.25781,1.25814,1.73,2.10
2012.12.10 16:08:26.724,1.25778,1.25808,2.48,1.13
2012.12.10 16:08:27.473,1.25779,1.25808,1.73,1.28
2012.12.10 16:08:27.893,1.25778,1.25807,1.73,1.13
2012.12.10 16:08:28.014,1.25777,1.25807,2.07,1.13
2012.12.10 16:08:28.384,1.25777,1.25806,1.32,1.73
2012.12.10 16:08:29.194,1.25776,1.25807,1.32,1.13
2012.12.10 16:08:29.314,1.25775,1.25808,1.54,1.43
2012.12.10 16:08:31.004,1.25775,1.25809,2.29,1.43
2012.12.10 16:08:31.557,1.25776,1.25809,1.92,1.05
2012.12.10 16:08:34.444,1.25775,1.25809,2.10,1.05
2012.12.10 16:08:34.955,1.25775,1.25808,1.35,1.05
2012.12.10 16:08:35.085,1.25776,1.25806,1.32,1.13
2012.12.10 16:08:36.296,1.25775,1.25806,1.13,1.13
2012.12.10 16:08:36.936,1.25775,1.25807,1.13,1.88
2012.12.10 16:08:37.065,1.25771,1.25805,1.13,1.54
2012.12.10 16:08:39.216,1.25772,1.25806,1.73,1.50
2012.12.10 16:08:39.434,1.25772,1.25806,1.73,1.28
2012.12.10 16:08:39.994,1.25775,1.25807,2.10,1.05
2012.12.10 16:08:42.606,1.25776,1.25808,1.35,1.80
2012.12.10 16:08:44.785,1.25776,1.25808,1.35,1.80
2012.12.10 16:08:45.536,1.25775,1.25808,1.92,1.80
2012.12.10 16:08:46.144,1.25777,1.25808,1.26,1.65
2012.12.10 16:08:48.823,1.25777,1.25808,2.48,1.65
2012.12.10 16:08:49.125,1.25774,1.25805,1.35,1.50
2012.12.10 16:08:49.306,1.25775,1.25803,1.13,1.50
2012.12.10 16:08:50.283,1.25772,1.25803,2.48,1.50
2012.12.10 16:09:11.674,1.25771,1.25804,1.88,1.73
2012.12.10 16:09:11.811,1.25769,1.25798,2.63,1.13
2012.12.10 16:09:12.963,1.25768,1.25798,1.26,1.13
2012.12.10 16:09:13.483,1.25768,1.25798,1.26,1.13
2012.12.10 16:09:13.954,1.25768,1.25802,1.73,1.73
2012.12.10 16:09:14.014,1.25768,1.25802,1.73,1.50
2012.12.10 16:09:14.744,1.25771,1.25802,2.63,1.13
2012.12.10 16:09:15.284,1.25771,1.25804,2.63,1.73
2012.12.10 16:09:16.820,1.25771,1.25803,1.13,1.50
2012.12.10 16:09:17.574,1.25771,1.25804,1.13,1.73
2012.12.10 16:09:18.934,1.25771,1.25803,1.13,1.50
2012.12.10 16:09:20.814,1.2577,1.25802,2.48,1.13
2012.12.10 16:09:21.055,1.25768,1.25798,1.73,1.13
2012.12.10 16:09:22.704,1.25768,1.25802,1.54,1.92
2012.12.10 16:09:22.824,1.25768,1.25802,1.54,1.69
2012.12.10 16:09:24.068,1.25768,1.25802,1.35,1.88
2012.12.10 16:09:24.256,1.2577,1.25799,1.50,1.13
2012.12.10 16:09:24.934,1.25767,1.25799,1.73,1.13
2012.12.10 16:09:27.367,1.25767,1.258,2.48,1.50
2012.12.10 16:09:27.950,1.25767,1.25801,2.48,1.28
2012.12.10 16:09:29.454,1.25769,1.25802,1.35,1.13
2012.12.10 16:09:29.516,1.25769,1.25798,1.13,1.13
2012.12.10 16:09:31.677,1.25765,1.25798,1.73,1.13
2012.12.10 16:09:32.395,1.25765,1.25798,1.73,1.13
2012.12.10 16:09:32.524,1.25765,1.25799,1.73,2.03
2012.12.10 16:09:32.644,1.25772,1.25799,2.10,1.47
2012.12.10 16:09:33.184,1.25772,1.25802,2.10,1.13
2012.12.10 16:09:34.005,1.25772,1.25802,1.73,1.13
2012.12.10 16:09:34.245,1.25772,1.25806,1.73,1.35
2012.12.10 16:09:34.375,1.25771,1.25805,2.63,1.32
2012.12.10 16:09:35.656,1.25772,1.25805,1.54,2.63
2012.12.10 16:09:35.784,1.25772,1.25805,1.54,2.85
2012.12.10 16:09:36.294,1.25774,1.25803,1.35,1.50
2012.12.10 16:09:40.185,1.25771,1.25803,1.13,1.50
2012.12.10 16:09:42.885,1.25771,1.25801,1.13,1.13
2012.12.10 16:09:43.017,1.25771,1.25801,1.13,1.13
2012.12.10 16:09:50.416,1.25775,1.25803,2.48,1.50
2012.12.10 16:09:51.847,1.25775,1.25803,3.98,1.50
2012.12.10 16:09:53.784,1.25775,1.25803,3.60,1.50
2012.12.10 16:09:56.193,1.25776,1.25801,1.92,1.13
2012.12.10 16:09:56.255,1.25771,1.25801,1.54,1.13
2012.12.10 16:09:56.315,1.25768,1.25801,1.92,1.13
2012.12.10 16:09:56.384,1.25768,1.25795,1.73,1.13
2012.12.10 16:09:56.504,1.25765,1.25791,2.07,1.69
2012.12.10 16:09:56.564,1.25764,1.2579,1.50,1.54
2012.12.10 16:09:58.014,1.25763,1.2579,1.50,1.54
2012.12.10 16:09:58.195,1.25763,1.25791,2.48,1.28
2012.12.10 16:09:58.744,1.25764,1.25791,2.48,1.28
2012.12.10 16:09:59.285,1.25763,1.25795,2.48,1.35
2012.12.10 16:10:08.634,1.25763,1.25797,1.73,1.17
2012.12.10 16:10:08.884,1.25765,1.25802,2.48,1.73
2012.12.10 16:10:09.442,1.25768,1.25803,1.73,3.57
2012.12.10 16:10:11.825,1.25766,1.25799,1.73,1.50
2012.12.10 16:10:11.906,1.25766,1.25799,1.50,1.73
2012.12.10 16:10:12.409,1.25765,1.258,2.85,1.92
2012.12.10 16:10:21.155,1.25762,1.25795,3.23,1.13
2012.12.10 16:10:21.405,1.25766,1.25794,1.32,1.13
2012.12.10 16:10:21.595,1.25765,1.25798,2.10,1.13
2012.12.10 16:10:24.024,1.25768,1.25802,1.09,2.39
2012.12.10 16:10:24.796,1.25768,1.25801,1.09,1.86
2012.12.10 16:10:25.194,1.25766,1.25801,1.73,1.73
2012.12.10 16:10:25.904,1.25765,1.25797,1.69,1.50
2012.12.10 16:10:26.086,1.25765,1.25796,1.47,1.73
2012.12.10 16:10:26.154,1.25765,1.25796,2.22,1.73
2012.12.10 16:10:26.224,1.25765,1.25796,2.44,1.50
2012.12.10 16:10:27.496,1.25763,1.25796,1.13,1.54
2012.12.10 16:10:28.424,1.25764,1.25797,1.13,2.85
2012.12.10 16:10:28.965,1.25765,1.25795,1.73,1.13
2012.12.10 16:10:33.775,1.25765,1.25797,1.73,1.13
2012.12.10 16:10:34.017,1.25765,1.25796,1.50,1.35
2012.12.10 16:10:34.685,1.2576,1.25792,1.47,1.28
2012.12.10 16:10:34.745,1.25759,1.25792,2.95,1.65
2012.12.10 16:10:35.463,1.25759,1.25792,2.10,1.28
2012.12.10 16:10:38.453,1.25761,1.25792,1.32,1.47
2012.12.10 16:10:38.515,1.25761,1.25793,1.54,1.43
2012.12.10 16:10:38.694,1.2576,1.25792,1.13,1.65
2012.12.10 16:10:40.289,1.2576,1.25792,1.13,1.28
2012.12.10 16:10:41.644,1.25761,1.25794,1.32,1.28
2012.12.10 16:10:41.783,1.25762,1.25794,1.73,1.05
2012.12.10 16:10:43.318,1.25761,1.25794,1.54,1.43
2012.12.10 16:10:43.445,1.2576,1.25792,1.49,1.05
2012.12.10 16:10:43.694,1.2576,1.25792,1.13,1.65
2012.12.10 16:10:44.195,1.2576,1.2579,1.13,1.13
2012.12.10 16:10:44.755,1.2576,1.2579,1.13,1.13
2012.12.10 16:10:45.596,1.25759,1.25792,2.35,1.47
2012.12.10 16:11:06.814,1.25764,1.25796,1.86,1.35
2012.12.10 16:11:25.678,1.25765,1.25795,1.50,1.13
2012.12.10 16:11:39.145,1.25766,1.25795,1.64,1.13
2012.12.10 16:11:41.387,1.25765,1.25795,1.50,1.13
2012.12.10 16:11:45.516,1.25766,1.25795,1.50,1.13
2012.12.10 16:11:46.143,1.25761,1.25798,2.48,3.38
2012.12.10 16:11:47.165,1.25761,1.25798,2.05,2.82
2012.12.10 16:11:47.716,1.25763,1.25798,1.11,2.82
2012.12.10 16:11:48.985,1.25764,1.25798,1.11,3.38
2012.12.10 16:11:49.722,1.25764,1.25798,1.11,3.57
2012.12.10 16:11:51.965,1.25764,1.25798,1.11,4.13
2012.12.10 16:11:53.350,1.25764,1.25796,1.11,1.35
2012.12.10 16:11:53.877,1.25761,1.25792,1.64,2.25
2012.12.10 16:11:54.394,1.25761,1.25791,2.01,1.54
2012.12.10 16:11:54.634,1.25761,1.25792,1.50,2.25
2012.12.10 16:11:55.184,1.25761,1.25791,1.50,1.54
2012.12.10 16:11:55.495,1.25761,1.25792,1.50,2.25
2012.12.10 16:11:57.494,1.25761,1.25791,1.50,1.54
2012.12.10 16:12:03.986,1.25761,1.2579,1.58,1.13
2012.12.10 16:12:04.494,1.25761,1.2579,1.95,1.13
2012.12.10 16:12:05.264,1.25761,1.2579,1.58,1.13
2012.12.10 16:12:05.445,1.2576,1.25789,1.20,1.54
2012.12.10 16:12:05.746,1.25759,1.25785,1.13,1.32
2012.12.10 16:12:05.877,1.25759,1.25786,1.13,1.35
2012.12.10 16:12:06.075,1.25758,1.25787,1.83,1.50
2012.12.10 16:12:06.267,1.25758,1.2579,1.83,1.13
2012.12.10 16:12:07.376,1.25762,1.25793,1.50,1.50
2012.12.10 16:12:14.807,1.25766,1.25794,1.50,1.88
2012.12.10 16:12:15.364,1.25764,1.25794,1.73,1.13
2012.12.10 16:12:16.185,1.25764,1.25795,1.73,1.28
2012.12.10 16:12:43.505,1.25766,1.25796,1.73,1.35
2012.12.10 16:12:44.065,1.25764,1.25796,1.73,1.35
2012.12.10 16:12:49.150,1.25766,1.25796,1.73,1.35
2012.12.10 16:12:49.274,1.25766,1.25796,1.73,1.35
2012.12.10 16:12:55.364,1.25764,1.25795,1.73,1.13
2012.12.10 16:13:00.494,1.25766,1.25795,1.73,1.13
2012.12.10 16:13:00.815,1.25765,1.25795,1.73,1.13
2012.12.10 16:13:02.405,1.25766,1.25795,1.73,1.13
2012.12.10 16:13:03.605,1.25766,1.25795,1.73,1.13
2012.12.10 16:13:04.695,1.25766,1.25797,1.73,1.13
2012.12.10 16:13:04.925,1.25766,1.25798,2.63,2.48
2012.12.10 16:13:05.264,1.25773,1.25798,1.54,1.50
2012.12.10 16:13:05.444,1.25773,1.25802,2.10,2.25
2012.12.10 16:13:06.404,1.25769,1.25802,1.73,1.73
2012.12.10 16:13:10.894,1.25768,1.25802,1.69,3.23
2012.12.10 16:13:11.076,1.25767,1.25795,1.73,1.13
2012.12.10 16:13:11.636,1.25767,1.25795,1.73,1.13
2012.12.10 16:13:12.795,1.25767,1.25795,1.73,1.13
2012.12.10 16:13:13.225,1.25766,1.25795,1.73,1.13
2012.12.10 16:13:16.486,1.25767,1.25795,1.73,1.13
2012.12.10 16:13:22.664,1.25767,1.25795,1.73,1.13
2012.12.10 16:13:55.226,1.25762,1.25792,2.29,1.50
2012.12.10 16:13:55.416,1.25762,1.25792,2.10,2.63
2012.12.10 16:13:55.736,1.25762,1.25783,1.88,1.13
2012.12.10 16:13:56.288,1.25758,1.25784,3.10,1.13
2012.12.10 16:13:57.850,1.25759,1.25788,1.50,1.65
2012.12.10 16:13:57.917,1.25759,1.25788,1.50,1.28
2012.12.10 16:13:58.436,1.25759,1.25789,1.54,1.47
2012.12.10 16:13:58.512,1.25759,1.25789,1.54,1.69
2012.12.10 16:13:58.649,1.25761,1.25789,1.13,1.13
2012.12.10 16:13:58.958,1.25759,1.25787,1.83,1.69
2012.12.10 16:14:00.945,1.25757,1.25783,2.35,1.13
2012.12.10 16:14:01.956,1.25757,1.25783,2.35,1.13
2012.12.10 16:14:02.507,1.25757,1.25783,2.35,1.13
2012.12.10 16:14:05.666,1.25757,1.25783,2.35,1.13
2012.12.10 16:14:11.201,1.25757,1.25783,2.35,1.13
2012.12.10 16:14:15.305,1.25757,1.25783,2.35,1.13
2012.12.10 16:14:16.634,1.25757,1.25783,2.35,1.13
2012.12.10 16:14:23.367,1.25757,1.25783,2.35,1.13
2012.12.10 16:14:23.917,1.25757,1.25783,1.60,1.35
2012.12.10 16:14:25.347,1.25757,1.25783,1.60,1.35
2012.12.10 16:14:26.905,1.25757,1.25783,1.60,1.35
2012.12.10 16:14:27.302,1.25763,1.25783,1.50,1.35
2012.12.10 16:14:27.797,1.25763,1.2579,1.50,2.48
2012.12.10 16:14:27.925,1.25768,1.2579,1.50,1.73
2012.12.10 16:14:28.164,1.25767,1.25795,1.50,2.07
2012.12.10 16:14:28.605,1.25767,1.25795,1.50,1.32
2012.12.10 16:14:29.155,1.25767,1.25796,1.50,3.57
2012.12.10 16:14:33.916,1.25765,1.25796,1.73,3.75
2012.12.10 16:14:35.835,1.25762,1.25793,1.50,2.48
2012.12.10 16:14:36.307,1.25759,1.25793,1.08,2.48
2012.12.10 16:14:38.871,1.25758,1.25793,3.14,2.48
2012.12.10 16:14:39.116,1.25759,1.25794,2.58,1.50
2012.12.10 16:14:40.906,1.25766,1.25798,1.54,1.50
2012.12.10 16:14:41.581,1.25766,1.25798,1.54,1.28
2012.12.10 16:14:41.909,1.25776,1.25802,1.50,3.15
2012.12.10 16:14:44.006,1.25773,1.25802,1.73,3.15
2012.12.10 16:14:48.230,1.25772,1.25798,1.54,1.28
2012.12.10 16:14:53.226,1.25772,1.25798,2.10,1.28
2012.12.10 16:14:54.265,1.25772,1.25798,1.54,1.28
2012.12.10 16:14:58.955,1.25772,1.25798,1.54,1.28
2012.12.10 16:14:59.546,1.25771,1.25798,2.10,1.28
2012.12.10 16:15:00.087,1.25771,1.25798,2.10,1.28
2012.12.10 16:15:11.985,1.25772,1.25804,2.10,1.73
2012.12.10 16:15:12.045,1.25772,1.25804,2.10,1.73
2012.12.10 16:15:20.920,1.25771,1.25804,2.10,1.73
2012.12.10 16:15:36.125,1.25772,1.25804,1.69,1.73
2012.12.10 16:15:38.346,1.25772,1.25804,1.69,1.73
2012.12.10 16:15:41.110,1.25771,1.25805,1.50,1.35
2012.12.10 16:15:43.822,1.25771,1.25807,1.50,2.48
2012.12.10 16:15:44.075,1.25771,1.25807,1.50,2.48
2012.12.10 16:15:45.396,1.25771,1.25806,1.50,1.35
2012.12.10 16:15:50.387,1.25771,1.25805,1.50,1.73
2012.12.10 16:15:50.808,1.25767,1.25801,1.50,1.13
2012.12.10 16:15:51.946,1.25766,1.25801,2.63,1.13
2012.12.10 16:15:55.655,1.25766,1.25802,2.07,1.65
2012.12.10 16:15:55.715,1.25767,1.25803,1.13,2.44
2012.12.10 16:15:56.675,1.25771,1.25803,1.88,1.13
2012.12.10 16:15:56.734,1.25771,1.25801,1.13,1.13
2012.12.10 16:15:57.274,1.25771,1.25801,1.13,1.88
2012.12.10 16:15:58.026,1.25766,1.25801,2.07,1.88
2012.12.10 16:15:58.355,1.25766,1.25801,2.07,1.88
2012.12.10 16:16:04.276,1.25769,1.25801,1.50,1.88
2012.12.10 16:16:07.401,1.25769,1.25801,2.07,1.73
2012.12.10 16:16:07.717,1.25771,1.25801,1.88,1.13
2012.12.10 16:16:07.849,1.25771,1.25803,2.10,1.13
2012.12.10 16:16:16.426,1.25771,1.25801,1.35,1.65
2012.12.10 16:16:16.556,1.25771,1.25801,1.13,1.88
2012.12.10 16:16:17.095,1.25771,1.25801,1.13,1.88
2012.12.10 16:16:17.638,1.25771,1.25801,1.13,1.88
2012.12.10 16:16:18.338,1.25765,1.25801,3.60,1.88
2012.12.10 16:16:22.687,1.25767,1.25801,1.88,1.13
2012.12.10 16:16:22.758,1.25767,1.25803,1.88,1.88
2012.12.10 16:16:57.695,1.25771,1.25804,2.25,1.73
2012.12.10 16:17:00.755,1.25771,1.25803,2.25,1.73
2012.12.10 16:17:00.984,1.25771,1.25805,2.25,1.73
2012.12.10 16:17:03.867,1.25772,1.25803,1.54,1.73
2012.12.10 16:17:04.466,1.25772,1.25804,1.54,1.73
2012.12.10 16:17:21.216,1.25773,1.25807,1.13,2.63
2012.12.10 16:17:21.395,1.25779,1.25808,1.54,1.13
2012.12.10 16:17:25.935,1.25778,1.25806,1.35,1.50
2012.12.10 16:17:26.296,1.25773,1.25806,1.13,1.73
2012.12.10 16:17:27.175,1.25773,1.25809,1.13,2.85
2012.12.10 16:17:27.296,1.2578,1.25808,1.54,1.13
2012.12.10 16:17:38.740,1.25778,1.25809,2.10,2.10
2012.12.10 16:17:39.896,1.25772,1.25804,1.50,1.65
2012.12.10 16:17:40.016,1.25772,1.25804,1.50,1.88
2012.12.10 16:17:44.225,1.25771,1.25804,1.13,3.00
2012.12.10 16:17:44.346,1.25768,1.25801,1.13,1.73
2012.12.10 16:17:45.465,1.25771,1.25803,1.50,1.73
2012.12.10 16:17:45.966,1.25771,1.25803,1.50,1.73
2012.12.10 16:17:47.255,1.2577,1.25803,2.25,1.73
2012.12.10 16:17:49.496,1.25778,1.25803,2.25,1.73
2012.12.10 16:17:49.798,1.25781,1.25804,2.30,1.47
2012.12.10 16:17:50.166,1.25788,1.25804,1.55,2.03
2012.12.10 16:17:52.075,1.25782,1.25805,2.30,1.13
2012.12.10 16:17:52.217,1.25775,1.25805,3.04,1.13
2012.12.10 16:17:52.487,1.25774,1.25804,4.35,1.65
2012.12.10 16:17:52.744,1.25774,1.25804,1.13,1.88
2012.12.10 16:17:53.275,1.25774,1.25804,1.13,1.88
2012.12.10 16:17:53.395,1.25775,1.25804,1.50,1.88
2012.12.10 16:17:53.756,1.25783,1.25804,1.79,1.47
2012.12.10 16:17:53.936,1.2578,1.25805,1.50,2.03
2012.12.10 16:17:54.427,1.25776,1.25805,3.23,1.88
2012.12.10 16:17:54.557,1.25776,1.25804,2.25,1.54
2012.12.10 16:17:56.147,1.25773,1.25799,1.50,1.13
2012.12.10 16:17:56.276,1.25766,1.25798,1.13,1.73
2012.12.10 16:17:56.395,1.25765,1.25798,1.88,1.73
2012.12.10 16:17:56.696,1.25765,1.25797,1.65,2.48
2012.12.10 16:17:57.077,1.25765,1.25797,1.65,3.23
2012.12.10 16:17:57.415,1.25765,1.25798,2.40,2.48
2012.12.10 16:17:57.656,1.25765,1.25798,2.48,1.73
2012.12.10 16:17:59.728,1.25762,1.25794,1.88,1.50
2012.12.10 16:17:59.856,1.25762,1.25794,1.88,1.73
2012.12.10 16:17:59.916,1.25762,1.25794,1.13,1.73
2012.12.10 16:18:00.310,1.25761,1.25791,1.13,1.73
2012.12.10 16:18:01.655,1.25761,1.25794,1.58,1.73
2012.12.10 16:18:02.376,1.25761,1.25794,1.20,1.73
2012.12.10 16:18:02.465,1.25761,1.25794,1.50,1.73
2012.12.10 16:18:02.775,1.25762,1.25785,1.28,1.73
2012.12.10 16:18:02.836,1.2576,1.25785,1.32,1.88
2012.12.10 16:18:02.966,1.25759,1.25785,1.13,1.88
2012.12.10 16:18:05.623,1.25758,1.25785,1.41,1.88
2012.12.10 16:18:06.506,1.25757,1.25783,1.60,1.35
2012.12.10 16:18:07.065,1.25752,1.25778,2.26,1.73
2012.12.10 16:18:07.961,1.25752,1.25778,3.20,1.73
2012.12.10 16:18:11.930,1.25752,1.25778,1.70,1.73
2012.12.10 16:18:15.400,1.25752,1.25778,2.07,1.73
2012.12.10 16:18:22.870,1.25753,1.25777,1.70,1.73
2012.12.10 16:18:23.337,1.25753,1.25775,1.70,1.35
2012.12.10 16:18:23.646,1.25747,1.25768,2.21,1.73
2012.12.10 16:18:24.137,1.25748,1.2577,2.21,1.54
2012.12.10 16:18:24.446,1.25747,1.25776,2.21,1.73
2012.12.10 16:18:27.086,1.25748,1.25775,2.21,1.50
2012.12.10 16:18:27.146,1.25748,1.25775,2.21,1.50
2012.12.10 16:18:27.506,1.25747,1.25766,1.76,1.73
2012.12.10 16:18:28.037,1.25748,1.25774,1.76,2.13
2012.12.10 16:18:28.107,1.25747,1.25774,1.76,1.50
2012.12.10 16:18:28.445,1.25747,1.25774,1.55,1.50
2012.12.10 16:18:28.685,1.25747,1.25774,1.76,1.50
2012.12.10 16:18:29.247,1.25748,1.25774,1.76,1.50
2012.12.10 16:18:31.781,1.25747,1.25774,2.51,1.50
2012.12.10 16:18:32.376,1.25747,1.25774,2.51,1.50
2012.12.10 16:18:32.941,1.25747,1.25774,2.51,1.50
2012.12.10 16:18:33.595,1.25747,1.25774,2.51,1.50
2012.12.10 16:18:33.835,1.25747,1.25769,2.30,2.10
2012.12.10 16:18:34.075,1.25747,1.25773,2.30,1.73
2012.12.10 16:18:34.135,1.25747,1.25773,2.30,1.50
2012.12.10 16:18:34.495,1.25747,1.25773,3.05,1.50
2012.12.10 16:18:40.401,1.25747,1.2578,2.30,1.88
2012.12.10 16:18:42.348,1.25747,1.25779,1.55,1.05
2012.12.10 16:18:43.089,1.25747,1.25775,2.30,1.73
2012.12.10 16:18:43.620,1.25748,1.25773,1.55,1.13
2012.12.10 16:18:44.096,1.25748,1.25773,1.55,1.13
2012.12.10 16:18:44.996,1.25748,1.25771,2.30,2.10
2012.12.10 16:18:45.497,1.25748,1.25771,2.30,2.10
2012.12.10 16:18:47.247,1.25748,1.25777,2.53,1.65
2012.12.10 16:18:47.316,1.25748,1.25777,3.28,1.09
2012.12.10 16:18:47.446,1.25755,1.25784,1.32,2.07
2012.12.10 16:18:47.875,1.25755,1.25785,1.54,1.65
2012.12.10 16:18:49.476,1.25755,1.25785,2.10,1.65
2012.12.10 16:18:49.778,1.25754,1.25781,1.13,1.73
2012.12.10 16:18:50.464,1.25754,1.25781,1.13,1.73
2012.12.10 16:18:51.617,1.25751,1.25781,1.50,1.73
2012.12.10 16:19:00.429,1.2575,1.25782,2.07,1.73
2012.12.10 16:19:03.714,1.25751,1.25785,1.50,1.73
2012.12.10 16:19:16.895,1.2575,1.25786,2.07,2.16
2012.12.10 16:19:18.157,1.2575,1.25777,1.32,3.15
2012.12.10 16:19:18.556,1.25748,1.25774,1.55,1.73
2012.12.10 16:19:18.697,1.25748,1.25774,1.55,1.73
2012.12.10 16:19:18.766,1.25748,1.25775,2.30,1.54
2012.12.10 16:19:18.825,1.25748,1.25775,2.30,1.54
2012.12.10 16:19:19.841,1.25747,1.25775,3.05,1.54
2012.12.10 16:19:22.046,1.25748,1.25776,2.30,1.26
2012.12.10 16:19:23.156,1.25748,1.25775,2.30,1.26
2012.12.10 16:19:23.772,1.25748,1.25777,2.30,1.13
2012.12.10 16:19:25.659,1.25748,1.25777,1.55,1.13
2012.12.10 16:19:32.708,1.25748,1.25776,2.30,1.26
2012.12.10 16:19:33.446,1.25748,1.25777,2.30,1.13
2012.12.10 16:19:34.986,1.25748,1.25777,1.55,1.13
2012.12.10 16:19:35.578,1.25748,1.25777,2.30,1.13
2012.12.10 16:19:37.459,1.25749,1.25778,1.50,1.41
2012.12.10 16:19:37.775,1.25752,1.25778,1.54,1.04
2012.12.10 16:19:37.896,1.25752,1.25783,1.35,1.88
2012.12.10 16:19:43.447,1.25748,1.25777,2.30,1.13
2012.12.10 16:19:46.242,1.25748,1.25774,1.55,1.35
2012.12.10 16:19:46.886,1.25747,1.25777,2.30,1.13
2012.12.10 16:19:47.905,1.25748,1.25777,1.55,1.13
2012.12.10 16:19:48.819,1.25747,1.25776,1.55,3.23
2012.12.10 16:19:49.387,1.25748,1.25777,2.30,1.13
2012.12.10 16:19:52.235,1.25747,1.25777,2.30,1.41
2012.12.10 16:20:00.256,1.25748,1.25777,1.55,2.48
2012.12.10 16:20:04.636,1.25748,1.25779,2.30,1.11
2012.12.10 16:20:04.697,1.25748,1.2578,2.53,1.26
2012.12.10 16:20:05.118,1.2575,1.2578,1.35,1.28
2012.12.10 16:20:05.916,1.25748,1.25774,2.11,1.73
2012.12.10 16:20:06.403,1.25748,1.25774,1.55,1.73
2012.12.10 16:20:09.175,1.25747,1.25775,3.05,1.73
2012.12.10 16:20:09.535,1.25748,1.25771,1.55,1.73
2012.12.10 16:20:09.596,1.25748,1.25773,1.55,1.35
2012.12.10 16:20:09.776,1.25747,1.25774,2.30,2.29
2012.12.10 16:20:09.846,1.25747,1.25774,2.30,1.54
2012.12.10 16:20:10.095,1.25747,1.25775,2.30,2.10
2012.12.10 16:20:10.835,1.25747,1.25774,2.30,1.54
2012.12.10 16:20:11.136,1.25748,1.25769,1.55,1.65
2012.12.10 16:20:11.437,1.25748,1.25771,2.30,1.32
2012.12.10 16:20:11.567,1.25748,1.25773,2.30,2.29
2012.12.10 16:20:11.698,1.25748,1.25774,2.53,1.32
2012.12.10 16:20:11.830,1.25748,1.25773,1.55,1.32
2012.12.10 16:20:11.896,1.25748,1.25774,1.55,1.73
2012.12.10 16:20:13.487,1.25747,1.25774,2.30,1.73
2012.12.10 16:20:16.239,1.25747,1.25773,2.30,1.50
2012.12.10 16:20:16.751,1.25748,1.25773,1.55,1.50
2012.12.10 16:20:18.366,1.25747,1.25773,2.30,1.50
2012.12.10 16:20:21.515,1.25748,1.25773,1.55,1.50
2012.12.10 16:20:23.667,1.25748,1.25775,1.55,1.88
2012.12.10 16:20:25.816,1.25747,1.25775,2.30,1.88
2012.12.10 16:20:26.627,1.25748,1.25775,1.55,1.88
2012.12.10 16:20:34.007,1.25747,1.25774,2.30,1.13
2012.12.10 16:20:37.926,1.25748,1.25774,1.55,1.13
2012.12.10 16:20:39.218,1.25748,1.25773,1.55,1.50
2012.12.10 16:20:39.466,1.25747,1.25774,2.30,1.13
2012.12.10 16:20:39.766,1.25747,1.25773,2.30,1.50
2012.12.10 16:20:40.005,1.25747,1.25773,2.30,1.50
2012.12.10 16:20:42.637,1.25747,1.25771,1.55,1.13
2012.12.10 16:20:42.947,1.25748,1.25767,1.55,1.13
2012.12.10 16:20:43.081,1.25747,1.25769,1.55,2.25
2012.12.10 16:20:45.678,1.25747,1.25772,2.30,1.24
2012.12.10 16:20:46.205,1.25748,1.2577,1.55,1.50
2012.12.10 16:20:46.747,1.25747,1.2577,1.55,1.50
2012.12.10 16:20:47.295,1.25747,1.2577,1.55,1.73
2012.12.10 16:20:47.856,1.25748,1.25772,1.55,2.10
2012.12.10 16:20:48.036,1.25747,1.25772,2.30,1.50
2012.12.10 16:20:48.160,1.25747,1.2577,1.55,1.50
2012.12.10 16:20:48.686,1.25748,1.2577,1.55,1.73
2012.12.10 16:20:49.232,1.25747,1.2577,1.55,1.73
2012.12.10 16:20:51.527,1.25747,1.25774,1.55,1.73
2012.12.10 16:20:52.366,1.25748,1.25772,1.55,1.50
2012.12.10 16:21:04.298,1.25747,1.25774,1.55,3.00
2012.12.10 16:21:06.955,1.25747,1.25774,1.55,2.85
2012.12.10 16:21:07.256,1.25747,1.25774,1.55,2.85
2012.12.10 16:21:08.715,1.25748,1.25773,1.55,1.50
2012.12.10 16:21:10.683,1.25747,1.25773,1.55,1.50
2012.12.10 16:21:11.342,1.25748,1.25772,1.55,1.50
2012.12.10 16:21:14.126,1.25748,1.25772,1.55,2.25
2012.12.10 16:21:14.435,1.25747,1.25769,1.55,2.10
2012.12.10 16:21:15.076,1.25747,1.25766,1.55,1.50
2012.12.10 16:21:15.395,1.25747,1.25766,1.55,1.13
2012.12.10 16:21:15.517,1.25747,1.25769,1.55,2.03
2012.12.10 16:21:16.065,1.25748,1.25768,1.55,1.47
2012.12.10 16:21:17.819,1.25747,1.2577,1.55,2.10
2012.12.10 16:21:17.885,1.25747,1.25775,1.55,2.48
2012.12.10 16:21:18.246,1.25748,1.25776,2.30,1.73
2012.12.10 16:21:18.306,1.25748,1.25777,2.30,2.03
2012.12.10 16:21:18.425,1.25748,1.25775,1.55,1.50
2012.12.10 16:21:18.993,1.25747,1.25775,1.55,1.73
2012.12.10 16:21:19.436,1.25747,1.25775,1.55,1.73
2012.12.10 16:21:19.616,1.25747,1.25775,1.55,1.73
2012.12.10 16:21:20.155,1.25748,1.25775,1.55,1.73
2012.12.10 16:21:21.636,1.25747,1.25774,1.55,2.10
2012.12.10 16:21:24.905,1.25751,1.25774,1.50,1.54
2012.12.10 16:21:25.305,1.25751,1.25777,2.67,1.50
2012.12.10 16:21:25.378,1.25748,1.25777,1.93,1.73
2012.12.10 16:21:25.926,1.25748,1.25777,1.93,1.73
2012.12.10 16:21:26.437,1.25747,1.25778,2.68,1.20
2012.12.10 16:21:26.627,1.25747,1.25779,2.90,1.73
2012.12.10 16:21:26.686,1.25759,1.25782,1.32,3.04
2012.12.10 16:21:27.322,1.2576,1.25782,1.54,1.13
2012.12.10 16:21:27.719,1.2576,1.25784,1.35,1.50
2012.12.10 16:21:27.787,1.25759,1.25784,1.13,1.50
2012.12.10 16:21:28.256,1.25752,1.25784,1.50,1.50
2012.12.10 16:21:29.087,1.25753,1.25785,1.13,1.35
2012.12.10 16:21:29.611,1.25754,1.25784,1.13,1.13
2012.12.10 16:21:30.747,1.25752,1.25783,1.69,1.50
2012.12.10 16:21:30.936,1.25751,1.25781,1.50,1.50
2012.12.10 16:21:31.286,1.25751,1.25781,1.28,1.73
2012.12.10 16:21:31.406,1.25751,1.25781,1.50,1.50
2012.12.10 16:21:31.466,1.25752,1.25783,1.69,1.73
2012.12.10 16:21:32.677,1.25753,1.25784,1.13,1.35
2012.12.10 16:21:32.987,1.25765,1.25785,1.35,1.13
2012.12.10 16:21:33.056,1.25765,1.25785,1.13,1.13
2012.12.10 16:21:33.315,1.25753,1.25784,1.13,1.73
2012.12.10 16:21:34.638,1.25757,1.25788,1.50,3.04
2012.12.10 16:21:34.825,1.25766,1.25789,2.10,1.65
2012.12.10 16:21:35.455,1.25766,1.25789,1.13,2.40
2012.12.10 16:21:35.765,1.25765,1.25785,1.13,1.73
2012.12.10 16:21:36.006,1.25752,1.25785,1.13,1.73
2012.12.10 16:21:36.897,1.25757,1.25788,1.50,2.10
2012.12.10 16:21:37.025,1.25766,1.25789,2.10,1.28
2012.12.10 16:21:37.120,1.25766,1.25789,2.10,1.28
2012.12.10 16:21:37.546,1.25765,1.25788,1.13,1.88
2012.12.10 16:21:37.786,1.25753,1.25784,1.13,1.73
2012.12.10 16:21:38.398,1.25758,1.25788,1.13,1.54
2012.12.10 16:21:38.527,1.25758,1.25788,1.35,1.32
2012.12.10 16:21:38.645,1.25758,1.25789,2.10,2.03
2012.12.10 16:21:39.353,1.25764,1.25793,1.54,1.13
2012.12.10 16:21:40.415,1.25766,1.25797,1.73,2.25
2012.12.10 16:21:41.895,1.25769,1.25797,1.50,1.13
2012.12.10 16:21:41.955,1.25769,1.25796,1.50,1.65
2012.12.10 16:21:42.497,1.25769,1.25793,1.50,1.13
2012.12.10 16:21:42.745,1.25765,1.25793,1.50,1.13
2012.12.10 16:21:42.925,1.25762,1.25793,1.50,1.13
2012.12.10 16:21:43.075,1.25758,1.25791,1.73,1.73
2012.12.10 16:21:47.195,1.25757,1.25789,1.92,1.32
2012.12.10 16:21:48.003,1.25757,1.25788,1.13,1.54
2012.12.10 16:21:52.856,1.25758,1.25791,1.35,1.73
2012.12.10 16:22:00.917,1.25757,1.25789,1.35,1.54
2012.12.10 16:22:01.227,1.25766,1.25794,1.54,2.03
2012.12.10 16:22:01.536,1.25765,1.25791,1.35,1.50
2012.12.10 16:22:02.080,1.25765,1.25791,1.13,1.73
2012.12.10 16:22:03.066,1.25765,1.25791,1.13,1.73
2012.12.10 16:22:03.597,1.25765,1.25791,1.13,1.73
2012.12.10 16:22:03.668,1.25766,1.25793,1.32,2.48
2012.12.10 16:22:04.238,1.25765,1.25793,2.10,1.50
2012.12.10 16:22:04.437,1.25765,1.25791,1.35,1.50
2012.12.10 16:22:04.506,1.25766,1.25791,1.13,1.73
2012.12.10 16:22:05.217,1.25758,1.25788,2.85,1.50
2012.12.10 16:22:07.384,1.25762,1.25788,1.50,1.50
2012.12.10 16:22:08.396,1.25758,1.25789,3.04,1.13
2012.12.10 16:22:09.688,1.25757,1.25788,2.85,1.50
2012.12.10 16:22:09.996,1.25762,1.25788,2.25,1.50
2012.12.10 16:22:10.237,1.25762,1.25788,3.75,1.50
2012.12.10 16:22:10.486,1.25766,1.2579,1.50,1.35
2012.12.10 16:22:11.085,1.25769,1.25795,1.50,1.32
2012.12.10 16:22:11.146,1.25769,1.25795,1.50,1.32
2012.12.10 16:22:11.445,1.25766,1.25795,2.44,1.32
2012.12.10 16:22:12.120,1.25766,1.25795,1.69,1.32
2012.12.10 16:22:16.207,1.25765,1.25796,1.50,1.88
2012.12.10 16:22:16.278,1.25765,1.2579,1.13,1.13
2012.12.10 16:22:18.225,1.2576,1.2579,2.48,1.13
2012.12.10 16:22:33.939,1.25759,1.25792,1.73,1.13
2012.12.10 16:22:34.465,1.25757,1.25789,3.00,1.73
2012.12.10 16:22:35.091,1.25757,1.25789,3.00,1.73
2012.12.10 16:22:36.628,1.25757,1.25789,3.00,1.73
2012.12.10 16:22:41.446,1.25758,1.25789,2.44,2.29
2012.12.10 16:22:41.566,1.25758,1.25789,2.29,1.69
2012.12.10 16:22:48.362,1.25758,1.25789,1.88,1.35
2012.12.10 16:22:48.488,1.25758,1.2579,1.73,1.88
2012.12.10 16:22:50.177,1.25757,1.2579,2.10,1.13
2012.12.10 16:22:50.566,1.25757,1.2579,1.88,1.35
2012.12.10 16:22:51.468,1.25757,1.25788,1.32,1.54
2012.12.10 16:22:53.606,1.25755,1.25788,1.69,2.10
2012.12.10 16:22:57.026,1.25755,1.25788,1.69,2.85
2012.12.10 16:22:57.146,1.25757,1.25788,1.50,2.10
2012.12.10 16:22:57.386,1.25758,1.25789,1.73,1.88
2012.12.10 16:23:02.446,1.25755,1.25788,1.92,1.88
2012.12.10 16:23:02.506,1.25755,1.25788,1.69,2.10
2012.12.10 16:23:03.087,1.25757,1.25788,1.13,2.10
2012.12.10 16:23:03.637,1.25756,1.25788,1.50,1.54
2012.12.10 16:23:05.457,1.25756,1.25788,1.50,1.54
2012.12.10 16:23:06.959,1.25758,1.25788,1.50,1.54
2012.12.10 16:23:07.027,1.25757,1.25788,1.73,1.32
2012.12.10 16:23:07.946,1.25757,1.25788,1.73,1.32
2012.12.10 16:23:08.016,1.25757,1.25788,1.50,1.54
2012.12.10 16:23:08.376,1.25757,1.25788,1.50,1.35
2012.12.10 16:23:08.507,1.25758,1.25788,1.73,1.13
2012.12.10 16:23:09.196,1.25758,1.25789,1.73,1.88
2012.12.10 16:23:09.706,1.25758,1.25789,1.73,1.88
2012.12.10 16:23:12.915,1.25758,1.25793,1.54,1.88
2012.12.10 16:23:13.225,1.25758,1.2579,1.88,1.73
2012.12.10 16:23:13.858,1.25758,1.2579,2.63,1.73
2012.12.10 16:23:14.134,1.25758,1.25793,2.29,1.88
2012.12.10 16:23:17.010,1.25758,1.2579,1.54,1.35
2012.12.10 16:23:17.444,1.25757,1.25784,1.13,1.73
2012.12.10 16:23:18.197,1.25756,1.25784,1.32,1.73
2012.12.10 16:23:18.626,1.25752,1.25784,2.85,1.73
2012.12.10 16:23:19.247,1.25752,1.25784,2.63,1.52
2012.12.10 16:23:19.916,1.25756,1.25784,1.13,2.08
2012.12.10 16:23:19.976,1.25756,1.2578,1.13,1.13
2012.12.10 16:23:23.637,1.25752,1.2578,2.10,1.32
2012.12.10 16:23:24.526,1.25752,1.25784,1.50,1.63
2012.12.10 16:23:24.706,1.25752,1.2578,2.25,1.35
2012.12.10 16:23:24.828,1.25752,1.2578,2.48,1.13
2012.12.10 16:23:25.135,1.25749,1.2578,1.13,1.88
2012.12.10 16:23:25.497,1.25749,1.2578,1.13,1.32
2012.12.10 16:23:25.616,1.25747,1.2578,5.90,1.54
2012.12.10 16:23:25.875,1.25748,1.25781,1.65,1.35
2012.12.10 16:23:25.995,1.25751,1.25781,1.13,1.13
2012.12.10 16:23:27.295,1.25753,1.25784,2.48,1.54
2012.12.10 16:23:27.356,1.25753,1.25785,2.48,1.73
2012.12.10 16:23:56.244,1.25751,1.25784,2.10,1.35
2012.12.10 16:23:56.745,1.25751,1.25785,2.10,1.73
2012.12.10 16:23:58.796,1.25751,1.25785,2.10,1.73
2012.12.10 16:23:59.567,1.25751,1.25785,1.32,1.73
2012.12.10 16:24:14.718,1.25751,1.25785,1.69,2.85
2012.12.10 16:24:22.857,1.25751,1.25784,1.54,2.63
2012.12.10 16:24:22.926,1.25751,1.25781,2.10,1.28
2012.12.10 16:24:23.107,1.25751,1.25779,1.88,1.73
2012.12.10 16:24:25.446,1.25749,1.25776,1.50,1.35
2012.12.10 16:24:25.806,1.25748,1.25774,1.55,1.73
2012.12.10 16:24:25.926,1.25748,1.25776,2.30,1.32
2012.12.10 16:24:25.987,1.25748,1.25777,2.30,1.13
2012.12.10 16:24:26.646,1.25748,1.25777,2.30,1.13
2012.12.10 16:24:27.377,1.25749,1.25777,2.25,1.13
2012.12.10 16:24:27.785,1.25749,1.25779,2.25,1.73
2012.12.10 16:24:58.509,1.25749,1.25784,2.48,1.69
2012.12.10 16:25:00.849,1.25751,1.25783,2.48,1.50
2012.12.10 16:25:01.159,1.25748,1.25783,1.50,1.54
2012.12.10 16:25:01.527,1.25751,1.25784,2.48,1.69
2012.12.10 16:25:02.427,1.25751,1.2578,2.48,1.73
2012.12.10 16:25:02.497,1.25751,1.2578,2.25,1.73
2012.12.10 16:25:06.815,1.25748,1.25778,1.50,1.73
2012.12.10 16:25:14.905,1.25752,1.25778,1.54,1.50
2012.12.10 16:25:14.966,1.25752,1.25784,1.54,1.13
2012.12.10 16:25:15.896,1.25753,1.25784,1.54,1.88
2012.12.10 16:25:15.955,1.25752,1.25782,1.35,1.50
2012.12.10 16:25:16.016,1.25753,1.25782,1.13,1.73
2012.12.10 16:25:16.136,1.25753,1.25779,1.13,1.73
2012.12.10 16:25:16.560,1.25751,1.25783,1.50,1.73
2012.12.10 16:25:26.539,1.25751,1.25783,1.50,1.73
2012.12.10 16:25:28.899,1.25751,1.25784,1.50,1.13
2012.12.10 16:25:29.086,1.25753,1.25784,1.73,1.47
2012.12.10 16:25:39.767,1.25753,1.25786,1.73,2.25
2012.12.10 16:25:46.342,1.25754,1.25786,1.73,1.50
2012.12.10 16:25:46.777,1.25756,1.25786,1.35,1.13
2012.12.10 16:25:48.576,1.25756,1.25789,1.35,1.88
2012.12.10 16:25:48.756,1.25765,1.2579,1.13,2.59
2012.12.10 16:25:49.357,1.25759,1.25789,2.10,1.65
2012.12.10 16:25:49.546,1.2576,1.25789,1.13,2.25
2012.12.10 16:25:56.246,1.2576,1.25789,3.08,2.25
2012.12.10 16:25:57.208,1.2576,1.25787,1.95,2.33
2012.12.10 16:25:57.647,1.25752,1.25787,2.22,2.18
2012.12.10 16:25:58.407,1.25752,1.25781,1.50,1.13
2012.12.10 16:26:05.909,1.25759,1.25781,1.13,1.13
2012.12.10 16:26:06.286,1.25752,1.25781,1.88,1.13
2012.12.10 16:26:06.361,1.25752,1.25781,1.50,1.13
2012.12.10 16:26:06.506,1.25752,1.25785,1.65,2.10
2012.12.10 16:26:11.929,1.25752,1.25781,1.50,1.13
2012.12.10 16:26:12.430,1.25748,1.25778,4.78,1.13
2012.12.10 16:26:12.966,1.25751,1.25781,1.50,1.13
2012.12.10 16:26:15.576,1.25751,1.25784,1.88,2.10
2012.12.10 16:26:16.257,1.25752,1.25784,1.65,1.54
2012.12.10 16:26:17.756,1.25756,1.25787,1.35,1.54
2012.12.10 16:26:17.816,1.25755,1.25788,1.13,1.15
2012.12.10 16:26:18.358,1.25755,1.25787,1.13,1.90
2012.12.10 16:26:18.426,1.25753,1.25786,1.50,1.50
2012.12.10 16:26:18.548,1.25753,1.25786,1.28,2.93
2012.12.10 16:26:26.214,1.25752,1.25784,1.65,1.54
2012.12.10 16:26:36.276,1.25755,1.25784,1.28,1.54
2012.12.10 16:26:43.206,1.25753,1.25784,1.13,1.35
2012.12.10 16:26:43.266,1.25754,1.25787,1.54,1.71
2012.12.10 16:26:43.325,1.25754,1.25787,2.10,1.15
2012.12.10 16:26:45.716,1.25753,1.25787,1.35,1.90
2012.12.10 16:26:45.776,1.25753,1.25787,1.13,1.90
2012.12.10 16:26:46.296,1.25754,1.25786,1.13,1.15
2012.12.10 16:26:47.556,1.25752,1.25785,2.40,2.10
2012.12.10 16:26:56.152,1.25752,1.25784,2.40,1.54
2012.12.10 16:26:58.206,1.25752,1.25784,2.25,3.45
2012.12.10 16:27:02.426,1.25752,1.25783,1.50,2.18
2012.12.10 16:27:04.676,1.2575,1.25784,1.65,5.14
2012.12.10 16:27:05.037,1.25752,1.25781,1.50,1.45
2012.12.10 16:27:05.108,1.25752,1.25784,1.50,4.39
2012.12.10 16:27:05.296,1.25752,1.25784,1.50,2.89
2012.12.10 16:27:05.686,1.25748,1.25784,3.15,2.89
2012.12.10 16:27:05.986,1.25751,1.25778,1.50,1.43
2012.12.10 16:27:06.166,1.25749,1.25778,1.65,2.74
2012.12.10 16:27:06.468,1.25748,1.25778,1.05,3.30
2012.12.10 16:27:06.987,1.25748,1.25773,1.43,1.54
2012.12.10 16:27:07.307,1.25749,1.25772,1.28,2.74
2012.12.10 16:27:08.497,1.25749,1.25774,1.28,1.54
2012.12.10 16:27:08.687,1.25751,1.25776,1.50,1.20
2012.12.10 16:27:08.747,1.25751,1.25779,1.50,1.54
2012.12.10 16:27:11.757,1.25751,1.25784,2.25,1.13
2012.12.10 16:27:11.886,1.25751,1.25785,2.48,1.69
2012.12.10 16:27:12.008,1.25753,1.25785,1.73,1.50
2012.12.10 16:27:13.487,1.25755,1.25787,2.10,1.28
2012.12.10 16:27:16.217,1.25756,1.25787,1.73,1.28
2012.12.10 16:27:17.667,1.25757,1.25787,1.35,1.41
2012.12.10 16:27:18.168,1.25757,1.25785,1.35,1.11
2012.12.10 16:27:18.237,1.25754,1.25785,1.17,1.11
2012.12.10 16:27:18.307,1.25751,1.25784,2.40,1.11
2012.12.10 16:27:18.426,1.25751,1.25784,1.65,1.11
2012.12.10 16:27:18.730,1.25751,1.2578,1.65,1.47
2012.12.10 16:27:19.384,1.25749,1.2578,1.65,1.47
2012.12.10 16:27:23.336,1.25749,1.25783,1.13,1.11
2012.12.10 16:27:26.326,1.25751,1.25783,1.65,1.11
2012.12.10 16:27:31.910,1.25751,1.25779,1.50,1.54
2012.12.10 16:27:32.098,1.25748,1.25778,2.40,1.54
2012.12.10 16:27:32.417,1.25748,1.25774,1.55,1.13
2012.12.10 16:27:35.592,1.25748,1.25778,3.05,1.71
2012.12.10 16:27:36.096,1.25748,1.25778,3.28,1.69
2012.12.10 16:27:36.277,1.25752,1.25778,1.50,1.13
2012.12.10 16:27:38.797,1.25748,1.25778,2.53,1.69
2012.12.10 16:27:38.919,1.25748,1.25774,2.30,1.13
2012.12.10 16:27:40.397,1.25748,1.25778,3.05,1.35
2012.12.10 16:27:40.517,1.25748,1.25778,3.28,1.13
2012.12.10 16:27:41.388,1.25748,1.25782,3.28,1.11
2012.12.10 16:27:41.828,1.25748,1.25778,4.40,1.35
2012.12.10 16:27:42.651,1.25748,1.25781,4.40,2.25
2012.12.10 16:27:43.768,1.25754,1.25778,1.13,1.35
2012.12.10 16:27:45.717,1.25748,1.25774,2.86,1.13
2012.12.10 16:27:45.776,1.25748,1.25774,2.30,1.13
2012.12.10 16:27:47.377,1.25748,1.25774,2.30,1.13
2012.12.10 16:27:48.246,1.25747,1.25772,3.05,1.73
2012.12.10 16:27:49.340,1.25747,1.25772,2.30,1.73
2012.12.10 16:27:49.406,1.25747,1.25773,2.30,2.29
2012.12.10 16:27:49.527,1.25747,1.25773,2.30,1.35
2012.12.10 16:27:51.427,1.25747,1.25772,1.55,1.35
2012.12.10 16:27:51.957,1.25748,1.25768,1.55,1.13
2012.12.10 16:27:53.306,1.25747,1.25778,1.55,1.13
2012.12.10 16:27:53.426,1.2575,1.25779,1.50,1.69
2012.12.10 16:27:53.554,1.2575,1.25779,2.48,1.47
2012.12.10 16:27:53.691,1.25751,1.2578,1.28,2.10
2012.12.10 16:27:54.007,1.25757,1.25791,2.25,2.48
2012.12.10 16:27:58.438,1.25761,1.25793,1.69,2.29
2012.12.10 16:27:58.510,1.25769,1.25796,1.35,1.28
2012.12.10 16:27:58.698,1.25769,1.2579,1.13,1.54
2012.12.10 16:27:59.259,1.25753,1.25786,1.88,2.10
2012.12.10 16:27:59.386,1.25756,1.25785,1.65,1.54
2012.12.10 16:27:59.697,1.25763,1.25792,1.32,1.95
2012.12.10 16:27:59.770,1.25763,1.25792,1.54,1.50
2012.12.10 16:27:59.918,1.25763,1.25794,1.54,3.15
2012.12.10 16:28:06.286,1.25766,1.25794,1.50,1.65
2012.12.10 16:28:16.204,1.25766,1.25795,1.50,2.03
2012.12.10 16:28:26.216,1.25763,1.25795,2.29,2.03
2012.12.10 16:28:28.096,1.25763,1.25795,1.73,1.65
2012.12.10 16:28:32.410,1.25765,1.25794,1.73,1.50
2012.12.10 16:28:35.127,1.25765,1.25794,1.73,1.50
2012.12.10 16:28:44.171,1.25762,1.25792,1.50,3.00
2012.12.10 16:28:44.237,1.25758,1.25778,3.57,1.54
2012.12.10 16:28:44.297,1.25759,1.25777,1.50,2.10
2012.12.10 16:28:44.356,1.25755,1.25777,1.13,2.10
2012.12.10 16:28:44.477,1.25754,1.25783,1.32,1.11
2012.12.10 16:28:44.678,1.25755,1.25787,1.35,1.13
2012.12.10 16:28:44.807,1.25754,1.25787,1.88,1.13
2012.12.10 16:28:45.796,1.25755,1.25787,1.88,1.13
2012.12.10 16:28:46.723,1.25755,1.25787,1.13,1.13
2012.12.10 16:28:56.226,1.25751,1.25785,2.10,2.10
2012.12.10 16:28:59.768,1.25751,1.25785,1.73,2.10
2012.12.10 16:29:03.717,1.25751,1.25785,1.73,1.54
2012.12.10 16:29:04.036,1.25751,1.25785,1.73,1.54
2012.12.10 16:29:14.386,1.25752,1.25786,1.50,1.86
2012.12.10 16:29:14.567,1.25752,1.25785,1.73,1.28
2012.12.10 16:29:17.877,1.25753,1.25791,2.85,1.50
2012.12.10 16:29:17.997,1.25757,1.25791,1.13,1.54
2012.12.10 16:29:18.189,1.25756,1.25791,1.35,2.29
2012.12.10 16:29:18.317,1.25756,1.25789,1.13,2.48
2012.12.10 16:29:18.627,1.25757,1.25789,1.13,3.23
2012.12.10 16:29:18.877,1.25761,1.25789,1.13,1.50
2012.12.10 16:29:19.006,1.25761,1.25792,1.13,2.10
2012.12.10 16:29:19.507,1.25761,1.25792,1.13,2.10
2012.12.10 16:29:20.109,1.25761,1.25792,1.13,2.10
2012.12.10 16:29:20.966,1.25757,1.25791,1.35,1.32
2012.12.10 16:29:21.026,1.25757,1.25789,1.13,1.54
2012.12.10 16:29:25.838,1.25757,1.25789,1.13,1.54
2012.12.10 16:29:25.966,1.25752,1.25778,2.20,1.32
2012.12.10 16:29:26.470,1.25755,1.25787,1.65,1.41
2012.12.10 16:29:26.778,1.25756,1.25789,1.13,1.54
2012.12.10 16:29:34.447,1.25755,1.25782,1.13,1.32
2012.12.10 16:29:35.009,1.25752,1.25782,1.88,1.54
2012.12.10 16:29:37.546,1.25752,1.25783,2.25,2.10
2012.12.10 16:29:46.667,1.25752,1.25782,1.13,2.10
2012.12.10 16:29:47.216,1.25752,1.25782,1.13,1.81
2012.12.10 16:29:48.838,1.25752,1.25777,1.50,1.13
2012.12.10 16:29:49.341,1.25752,1.25777,1.50,1.13
2012.12.10 16:29:50.333,1.25752,1.25777,1.50,1.13
2012.12.10 16:29:50.836,1.25752,1.25782,1.50,1.54
2012.12.10 16:29:51.987,1.25754,1.25783,1.50,1.13
2012.12.10 16:29:52.556,1.25751,1.25782,1.73,1.13
2012.12.10 16:29:53.445,1.25752,1.25786,2.48,1.13
2012.12.10 16:29:59.185,1.25752,1.25786,3.23,1.13
2012.12.10 16:29:59.436,1.25752,1.25786,3.00,2.63
2012.12.10 16:30:01.077,1.25752,1.25786,1.73,1.13
2012.12.10 16:30:01.698,1.25752,1.25786,3.23,1.13
2012.12.10 16:30:10.857,1.25753,1.25788,1.13,2.10
2012.12.10 16:30:10.977,1.25756,1.25789,1.32,1.73
2012.12.10 16:30:11.037,1.25756,1.25789,1.54,1.73
2012.12.10 16:30:12.156,1.25756,1.25789,1.35,2.10
2012.12.10 16:30:12.277,1.25755,1.25789,1.28,1.73
2012.12.10 16:30:14.307,1.25753,1.25786,1.13,1.54
2012.12.10 16:30:14.579,1.25754,1.25786,1.13,1.54
2012.12.10 16:30:15.177,1.25756,1.25786,1.13,1.54
2012.12.10 16:30:15.296,1.25756,1.25786,1.13,1.54
2012.12.10 16:30:15.436,1.25756,1.25787,1.13,1.35
2012.12.10 16:30:15.617,1.25754,1.25787,1.50,1.35
2012.12.10 16:30:15.946,1.25754,1.25787,1.50,1.35
2012.12.10 16:30:16.976,1.25752,1.25786,1.73,1.35
2012.12.10 16:30:18.999,1.25751,1.25787,3.60,2.10
2012.12.10 16:30:27.687,1.25751,1.25787,3.38,2.85
2012.12.10 16:30:28.268,1.25751,1.25784,1.65,2.82
2012.12.10 16:30:39.968,1.25751,1.25783,1.13,1.54
2012.12.10 16:30:40.098,1.25751,1.25786,1.13,1.54
2012.12.10 16:30:42.916,1.25752,1.25787,1.13,1.35
2012.12.10 16:30:43.036,1.25754,1.25787,1.13,1.13
2012.12.10 16:30:43.586,1.25754,1.25787,1.13,1.13
2012.12.10 16:30:44.088,1.25754,1.25787,1.13,1.13
2012.12.10 16:30:44.807,1.25756,1.25789,1.54,2.25
2012.12.10 16:30:47.797,1.25756,1.2579,2.10,1.73
2012.12.10 16:30:49.227,1.25757,1.25789,1.35,1.88
2012.12.10 16:31:02.640,1.25757,1.25789,1.35,1.50
2012.12.10 16:31:11.998,1.25757,1.25789,1.35,1.88
2012.12.10 16:31:12.457,1.25756,1.2579,2.10,1.73
2012.12.10 16:31:16.807,1.25757,1.25789,1.35,1.50
2012.12.10 16:31:17.396,1.25757,1.25792,1.35,1.73
2012.12.10 16:31:25.979,1.25757,1.25789,1.35,1.88
2012.12.10 16:31:26.228,1.25756,1.2579,2.10,2.10
2012.12.10 16:31:51.627,1.25756,1.25793,1.35,1.35
2012.12.10 16:31:57.076,1.25756,1.25789,1.35,1.73
2012.12.10 16:31:57.720,1.25756,1.2579,1.35,1.73
2012.12.10 16:32:16.997,1.25753,1.25791,3.00,1.92
2012.12.10 16:32:17.796,1.25753,1.25791,3.00,1.35
2012.12.10 16:32:20.437,1.25753,1.25791,3.00,1.92
2012.12.10 16:32:25.337,1.25753,1.25786,1.28,1.35
2012.12.10 16:32:25.457,1.25752,1.25782,1.69,1.73
2012.12.10 16:32:25.767,1.25751,1.25784,1.65,3.27
2012.12.10 16:32:28.757,1.2575,1.25777,2.10,1.13
2012.12.10 16:32:29.306,1.25751,1.25777,1.88,1.13
2012.12.10 16:32:29.908,1.25751,1.25784,1.88,2.85
2012.12.10 16:32:29.968,1.25751,1.25784,1.88,2.29
2012.12.10 16:32:36.827,1.25754,1.25784,1.50,2.10
2012.12.10 16:32:37.456,1.25752,1.25784,1.88,1.54
2012.12.10 16:33:00.569,1.25755,1.25784,1.50,1.54
2012.12.10 16:33:00.698,1.2575,1.25784,1.73,1.54
2012.12.10 16:33:00.878,1.25749,1.25785,1.13,2.10
2012.12.10 16:33:01.063,1.25748,1.25783,2.40,1.73
2012.12.10 16:33:01.617,1.25748,1.2578,1.65,2.10
2012.12.10 16:33:07.858,1.25747,1.25776,3.05,1.13
2012.12.10 16:33:15.641,1.25747,1.25781,3.05,3.23
2012.12.10 16:33:16.128,1.2575,1.25781,1.73,1.35
2012.12.10 16:33:16.188,1.25748,1.25772,1.54,1.32
2012.12.10 16:33:16.499,1.25753,1.25775,1.32,1.11
2012.12.10 16:33:16.570,1.25753,1.25779,1.54,1.32
2012.12.10 16:33:16.759,1.25754,1.25783,2.10,1.88
2012.12.10 16:33:16.830,1.25754,1.25785,1.54,2.25
2012.12.10 16:33:19.548,1.25753,1.25783,1.13,1.73
2012.12.10 16:33:23.799,1.25753,1.25783,1.13,1.73
2012.12.10 16:33:24.358,1.25747,1.25778,2.86,1.13
2012.12.10 16:33:24.597,1.25747,1.25778,2.30,1.13
2012.12.10 16:33:25.302,1.25748,1.25778,1.55,1.13
2012.12.10 16:33:30.998,1.25747,1.25775,2.30,1.35
2012.12.10 16:33:31.548,1.25748,1.25778,1.55,1.13
2012.12.10 16:33:50.738,1.25748,1.25774,1.55,1.92
2012.12.10 16:33:55.571,1.25747,1.25774,1.55,1.92
2012.12.10 16:34:05.178,1.25747,1.25773,1.55,2.10
2012.12.10 16:34:11.049,1.25748,1.25776,1.55,1.13
2012.12.10 16:34:12.844,1.25747,1.25776,1.55,1.13
2012.12.10 16:34:13.847,1.25748,1.25775,1.55,1.35
2012.12.10 16:34:14.686,1.25747,1.25774,1.55,1.35
2012.12.10 16:34:16.557,1.25748,1.25775,1.55,1.35
2012.12.10 16:34:21.889,1.25747,1.25775,1.55,1.50
2012.12.10 16:34:37.888,1.25748,1.25775,1.55,1.50
2012.12.10 16:34:39.925,1.25747,1.25778,1.55,1.13
2012.12.10 16:34:49.154,1.25748,1.25778,1.55,1.13
2012.12.10 16:34:51.809,1.25747,1.25775,2.30,1.35
2012.12.10 16:34:52.154,1.25747,1.25781,3.28,1.50
2012.12.10 16:34:59.707,1.2575,1.25783,1.73,1.88
2012.12.10 16:35:03.678,1.25748,1.2578,2.85,1.13
2012.12.10 16:35:03.977,1.2575,1.2578,1.73,3.00
2012.12.10 16:35:04.158,1.25748,1.25779,3.28,1.47
2012.12.10 16:35:13.498,1.2575,1.25783,1.50,1.88
2012.12.10 16:35:13.558,1.2575,1.25783,1.73,2.44
2012.12.10 16:35:14.957,1.25748,1.25775,2.30,1.13
2012.12.10 16:35:15.090,1.25748,1.25775,1.55,1.13
2012.12.10 16:35:15.458,1.25748,1.25778,2.30,1.50
2012.12.10 16:35:15.519,1.25748,1.25778,2.53,1.28
2012.12.10 16:35:22.368,1.25751,1.25783,1.13,1.13
2012.12.10 16:35:22.441,1.25757,1.25783,1.32,1.47
2012.12.10 16:35:22.628,1.25757,1.25786,1.88,2.48
2012.12.10 16:35:24.107,1.25754,1.25785,2.10,1.50
2012.12.10 16:35:25.079,1.25754,1.25784,1.35,1.50
2012.12.10 16:35:25.186,1.25754,1.25784,1.13,1.73
2012.12.10 16:35:25.488,1.25754,1.25782,1.88,1.73
2012.12.10 16:35:25.740,1.25751,1.25784,1.13,1.50
2012.12.10 16:35:26.370,1.25751,1.25786,1.13,4.17
2012.12.10 16:35:27.085,1.25751,1.25786,1.13,4.17
2012.12.10 16:35:29.928,1.25754,1.25785,1.54,1.54
2012.12.10 16:35:30.288,1.25749,1.25776,1.13,1.13
2012.12.10 16:35:56.659,1.25747,1.25775,2.53,1.13
2012.12.10 16:35:56.718,1.25747,1.2577,1.55,1.13
2012.12.10 16:35:56.958,1.25748,1.25769,2.53,1.13
2012.12.10 16:35:58.469,1.25748,1.25776,2.53,1.13
2012.12.10 16:35:59.169,1.25747,1.25776,2.53,1.13
2012.12.10 16:35:59.479,1.25747,1.25764,2.53,1.13
2012.12.10 16:35:59.728,1.25747,1.25763,1.78,1.32
2012.12.10 16:35:59.799,1.25747,1.25763,1.55,1.32
2012.12.10 16:36:00.350,1.25748,1.25772,1.55,1.13
2012.12.10 16:36:01.590,1.25748,1.25778,1.55,1.88
2012.12.10 16:36:09.369,1.25748,1.25778,2.30,1.13
2012.12.10 16:36:09.930,1.25748,1.25779,2.53,1.13
2012.12.10 16:36:10.408,1.25748,1.25778,1.78,1.65
2012.12.10 16:36:10.538,1.25748,1.25778,1.55,1.88
2012.12.10 16:36:11.077,1.25747,1.25778,1.55,1.88
2012.12.10 16:36:16.637,1.25747,1.25778,2.11,1.73
2012.12.10 16:36:16.698,1.25748,1.2578,1.32,2.29
2012.12.10 16:36:16.818,1.25748,1.25781,1.54,1.50
2012.12.10 16:36:17.358,1.25748,1.25783,1.54,1.13
2012.12.10 16:36:18.662,1.25747,1.25783,3.43,2.33
2012.12.10 16:36:18.730,1.25747,1.2578,2.11,1.54
2012.12.10 16:36:21.450,1.25748,1.2578,1.55,1.54
2012.12.10 16:36:24.178,1.25747,1.25777,1.55,2.48
2012.12.10 16:36:35.728,1.25748,1.25778,1.55,1.13
2012.12.10 16:36:36.728,1.25747,1.25778,1.55,1.13
2012.12.10 16:36:57.648,1.25748,1.25775,1.55,1.13
2012.12.10 16:36:59.088,1.25747,1.25775,1.55,1.13
2012.12.10 16:36:59.640,1.25748,1.25775,1.55,1.13
2012.12.10 16:37:00.215,1.25747,1.25775,1.55,1.13
2012.12.10 16:37:01.889,1.25748,1.25775,1.55,1.13
2012.12.10 16:37:05.548,1.25743,1.25775,2.29,1.13
2012.12.10 16:37:16.408,1.25748,1.25775,1.55,1.13
2012.12.10 16:37:18.699,1.25748,1.25777,1.55,1.50
2012.12.10 16:37:19.448,1.25747,1.25777,1.55,1.50
2012.12.10 16:37:26.450,1.25748,1.25775,1.55,1.13
2012.12.10 16:37:27.408,1.25747,1.25775,1.55,1.50
2012.12.10 16:37:35.720,1.25748,1.25775,1.55,1.50
2012.12.10 16:37:36.264,1.25747,1.25777,1.55,1.13
2012.12.10 16:37:36.849,1.25748,1.25777,1.55,1.50
2012.12.10 16:37:37.959,1.25748,1.25777,2.30,1.13
2012.12.10 16:37:38.210,1.25754,1.25782,1.54,1.47
2012.12.10 16:37:38.769,1.25755,1.25782,2.10,1.50
2012.12.10 16:37:45.918,1.25754,1.2578,1.35,1.50
2012.12.10 16:37:46.219,1.25754,1.25778,1.35,1.13
2012.12.10 16:37:46.745,1.25754,1.25776,1.13,1.13
2012.12.10 16:37:47.488,1.25751,1.25776,1.47,1.13
2012.12.10 16:37:47.607,1.25749,1.25776,1.13,1.13
2012.12.10 16:37:48.388,1.25748,1.25774,2.34,1.28
2012.12.10 16:37:48.808,1.25747,1.25774,1.55,3.00
2012.12.10 16:37:49.465,1.25748,1.25774,1.55,3.00
2012.12.10 16:37:51.009,1.25747,1.25774,1.55,1.50
2012.12.10 16:37:52.518,1.25748,1.25774,1.55,3.00
2012.12.10 16:38:02.888,1.25747,1.25773,1.55,1.13
2012.12.10 16:38:05.618,1.25747,1.25773,1.55,1.13
2012.12.10 16:38:06.238,1.25747,1.25773,1.55,1.13
2012.12.10 16:38:14.453,1.25748,1.25773,1.55,1.13
2012.12.10 16:38:14.683,1.25747,1.25772,1.55,1.50
2012.12.10 16:38:14.988,1.25747,1.25773,2.30,4.28
2012.12.10 16:38:35.069,1.25748,1.25774,1.55,1.35
2012.12.10 16:38:35.318,1.25755,1.25782,1.54,1.50
2012.12.10 16:38:35.378,1.25754,1.25782,1.35,1.13
2012.12.10 16:38:35.499,1.25754,1.25783,1.13,1.73
2012.12.10 16:38:35.677,1.25754,1.25784,1.88,1.13
2012.12.10 16:38:35.738,1.25757,1.25786,1.35,1.28
2012.12.10 16:38:35.858,1.25762,1.25789,1.13,1.13
2012.12.10 16:38:36.039,1.25762,1.25792,1.13,2.25
2012.12.10 16:38:36.168,1.25761,1.25792,1.13,2.25
2012.12.10 16:38:36.289,1.25761,1.25792,1.13,1.88
2012.12.10 16:38:37.658,1.25761,1.25793,1.69,1.32
2012.12.10 16:38:43.963,1.25762,1.25794,1.50,1.50
2012.12.10 16:38:45.067,1.25762,1.25796,1.50,1.73
2012.12.10 16:38:53.445,1.25763,1.25797,1.54,1.35
2012.12.10 16:38:53.759,1.25765,1.25797,1.54,1.13
2012.12.10 16:38:55.759,1.2577,1.25797,1.54,1.13
2012.12.10 16:39:22.599,1.25764,1.25798,2.10,1.50
2012.12.10 16:39:55.935,1.25764,1.258,1.54,2.48
2012.12.10 16:40:22.562,1.25763,1.25801,1.35,3.04
2012.12.10 16:41:04.878,1.25763,1.25801,1.35,1.54
2012.12.10 16:41:38.119,1.25764,1.25797,1.54,1.13
2012.12.10 16:41:38.479,1.2577,1.25798,1.54,1.13
2012.12.10 16:41:38.539,1.2577,1.25798,1.54,1.13
2012.12.10 16:41:40.618,1.2577,1.25799,1.54,1.13
2012.12.10 16:41:48.659,1.2577,1.25799,2.10,1.13
2012.12.10 16:41:56.249,1.2577,1.25799,1.54,1.13
2012.12.10 16:41:56.607,1.25764,1.25798,2.10,1.50
2012.12.10 16:41:56.668,1.25766,1.25798,1.20,1.50
2012.12.10 16:42:00.440,1.25767,1.25798,1.54,1.73
2012.12.10 16:42:02.801,1.25764,1.25799,2.10,1.35
2012.12.10 16:42:03.109,1.25766,1.25799,1.63,1.13
2012.12.10 16:42:50.979,1.2577,1.25798,1.13,1.50
2012.12.10 16:42:51.504,1.25764,1.25798,1.54,1.50
2012.12.10 16:42:53.449,1.25764,1.25798,1.54,1.50
2012.12.10 16:42:53.798,1.2577,1.25796,1.54,1.13
2012.12.10 16:42:59.820,1.2577,1.25799,1.54,1.13
2012.12.10 16:43:23.519,1.25768,1.25802,1.73,1.50
2012.12.10 16:43:23.639,1.25773,1.25805,1.35,1.35
2012.12.10 16:43:24.000,1.25773,1.25805,3.13,1.13
2012.12.10 16:43:24.539,1.25773,1.25805,3.13,1.13
2012.12.10 16:43:24.959,1.25774,1.25808,1.54,1.50
2012.12.10 16:43:27.700,1.25773,1.25806,2.94,1.50
2012.12.10 16:43:27.769,1.25769,1.25806,1.58,1.73
2012.12.10 16:43:28.677,1.2577,1.25807,1.13,2.10
2012.12.10 16:43:28.737,1.25772,1.25806,1.27,1.32
2012.12.10 16:43:38.378,1.25774,1.2581,1.54,1.64
2012.12.10 16:43:38.899,1.25774,1.25808,1.54,1.64
2012.12.10 16:43:48.220,1.25776,1.25808,2.10,1.50
2012.12.10 16:43:49.765,1.25777,1.25808,1.54,1.50
2012.12.10 16:43:52.839,1.25777,1.25809,1.54,1.50
2012.12.10 16:43:53.188,1.25777,1.25808,1.54,1.50
2012.12.10 16:43:53.528,1.25777,1.2581,1.54,1.50
2012.12.10 16:43:58.670,1.25774,1.25808,1.22,1.32
2012.12.10 16:43:58.741,1.25772,1.25808,1.35,1.54
2012.12.10 16:43:58.990,1.25775,1.25808,1.52,2.63
2012.12.10 16:43:59.049,1.25775,1.25808,1.52,1.32
2012.12.10 16:43:59.110,1.25772,1.25809,1.89,2.63
2012.12.10 16:43:59.298,1.25771,1.25805,3.42,1.73
2012.12.10 16:43:59.898,1.25771,1.25805,1.73,2.48
2012.12.10 16:44:00.583,1.25771,1.25805,1.17,2.48
2012.12.10 16:44:01.153,1.25771,1.25802,1.17,1.54
2012.12.10 16:44:01.665,1.25769,1.25802,1.35,1.54
2012.12.10 16:44:02.198,1.25769,1.25802,1.35,2.10
2012.12.10 16:44:08.918,1.25769,1.25802,1.35,1.54
2012.12.10 16:44:10.728,1.25769,1.25802,1.35,2.10
2012.12.10 16:44:12.489,1.25769,1.25802,1.35,1.54
2012.12.10 16:44:13.039,1.25767,1.25802,1.73,2.10
2012.12.10 16:44:16.330,1.25767,1.25802,2.25,2.10
2012.12.10 16:44:18.467,1.25768,1.25802,1.50,1.54
2012.12.10 16:44:19.036,1.25768,1.25802,1.35,2.10
2012.12.10 16:44:23.319,1.25767,1.25802,1.35,1.54
2012.12.10 16:44:23.858,1.25767,1.25802,1.35,2.10
2012.12.10 16:44:24.398,1.25767,1.25802,1.13,2.10
2012.12.10 16:44:26.599,1.2577,1.25802,1.35,2.10
2012.12.10 16:44:28.484,1.25771,1.25804,1.92,3.17
2012.12.10 16:44:28.789,1.25772,1.25805,1.17,1.64
2012.12.10 16:44:29.485,1.25771,1.25805,2.48,1.64
2012.12.10 16:44:30.008,1.25772,1.25807,1.17,1.79
2012.12.10 16:44:30.767,1.25772,1.25805,1.17,1.64
2012.12.10 16:44:31.304,1.25773,1.25805,1.17,1.64
2012.12.10 16:44:31.818,1.25773,1.25807,1.17,1.65
2012.12.10 16:44:35.449,1.25772,1.25803,1.35,1.13
2012.12.10 16:44:36.449,1.25772,1.25799,1.35,1.50
2012.12.10 16:44:36.959,1.25772,1.25799,1.35,1.64
2012.12.10 16:44:37.078,1.25772,1.25799,1.35,1.64
2012.12.10 16:44:37.579,1.25766,1.25799,2.25,1.50
2012.12.10 16:44:44.809,1.25766,1.25799,2.25,1.64
2012.12.10 16:44:45.399,1.25766,1.25799,1.13,1.64
2012.12.10 16:44:56.628,1.25766,1.25799,1.13,1.64
2012.12.10 16:44:57.310,1.25766,1.25799,1.13,1.64
2012.12.10 16:44:57.846,1.25766,1.25799,1.13,1.64
2012.12.10 16:44:58.530,1.25766,1.25799,1.13,1.64
2012.12.10 16:44:59.289,1.25766,1.25799,1.13,1.64
2012.12.10 16:44:59.500,1.25766,1.25799,1.13,2.01
2012.12.10 16:45:02.778,1.25766,1.25799,1.13,1.64
2012.12.10 16:45:04.028,1.25766,1.25799,2.63,1.64
2012.12.10 16:45:04.638,1.25764,1.25798,2.48,1.64
2012.12.10 16:45:04.879,1.25765,1.25795,1.35,1.50
2012.12.10 16:45:19.151,1.25766,1.25797,1.13,1.54
2012.12.10 16:45:19.464,1.2577,1.25799,2.10,1.13
2012.12.10 16:45:21.350,1.25768,1.25799,1.50,1.64
2012.12.10 16:45:21.600,1.25768,1.25796,1.50,1.50
2012.12.10 16:45:21.739,1.25764,1.25795,1.07,1.32
2012.12.10 16:45:21.886,1.25767,1.25795,1.32,1.32
2012.12.10 16:45:22.010,1.25765,1.25795,1.54,1.32
2012.12.10 16:45:22.070,1.25765,1.25796,2.10,1.11
2012.12.10 16:45:22.522,1.25765,1.25797,1.54,1.04
2012.12.10 16:45:22.708,1.25764,1.25795,1.35,1.86
2012.12.10 16:45:42.388,1.25767,1.25797,1.35,1.73
2012.12.10 16:45:42.450,1.25768,1.25801,1.32,1.50
2012.12.10 16:45:42.520,1.25768,1.25801,2.10,1.28
2012.12.10 16:45:43.380,1.25767,1.25797,1.35,1.50
2012.12.10 16:45:43.511,1.25767,1.25797,1.35,1.73
2012.12.10 16:45:43.640,1.25767,1.258,2.10,1.35
2012.12.10 16:45:43.819,1.25767,1.258,2.10,1.13
2012.12.10 16:45:44.889,1.25767,1.25797,1.35,1.50
2012.12.10 16:45:45.069,1.25765,1.25797,1.73,1.73
2012.12.10 16:45:59.488,1.25767,1.25798,1.54,1.88
2012.12.10 16:45:59.548,1.25767,1.25798,1.54,1.65
2012.12.10 16:46:06.249,1.25766,1.25798,2.29,1.65
2012.12.10 16:46:06.739,1.25766,1.25798,1.54,1.65
2012.12.10 16:46:07.299,1.25769,1.25801,1.29,1.28
2012.12.10 16:46:07.479,1.25768,1.25798,1.73,1.65
2012.12.10 16:46:07.741,1.2577,1.25801,1.61,1.28
2012.12.10 16:46:08.210,1.25765,1.25799,2.10,1.65
2012.12.10 16:46:12.989,1.25764,1.25797,2.76,1.50
2012.12.10 16:46:13.050,1.25764,1.25797,2.76,1.73
2012.12.10 16:46:16.709,1.25766,1.25798,3.04,1.73
2012.12.10 16:46:16.828,1.25769,1.25798,1.50,1.73
2012.12.10 16:46:17.190,1.25769,1.25798,1.73,1.50
2012.12.10 16:46:37.189,1.25773,1.258,2.18,1.13
2012.12.10 16:46:37.249,1.25781,1.258,1.32,1.13
2012.12.10 16:46:37.310,1.25782,1.258,1.35,1.13
2012.12.10 16:46:37.439,1.25773,1.25799,1.77,1.50
2012.12.10 16:46:37.499,1.25773,1.25799,1.20,1.50
2012.12.10 16:46:38.029,1.25766,1.25799,3.00,1.50
2012.12.10 16:46:45.408,1.25766,1.25799,2.29,1.65
2012.12.10 16:46:45.529,1.25765,1.25799,1.17,3.00
2012.12.10 16:46:45.709,1.25764,1.25797,2.67,1.13
2012.12.10 16:46:46.738,1.25766,1.25798,1.54,1.47
2012.12.10 16:46:47.294,1.25766,1.25798,1.54,1.65
2012.12.10 16:46:50.508,1.25769,1.25798,1.73,1.65
2012.12.10 16:47:02.079,1.25769,1.25798,1.73,1.50
2012.12.10 16:47:02.439,1.25766,1.258,1.17,1.28
2012.12.10 16:47:02.811,1.25768,1.258,1.45,1.28
2012.12.10 16:47:07.409,1.25771,1.25796,1.35,1.50
2012.12.10 16:47:07.528,1.25771,1.25796,1.13,1.73
2012.12.10 16:47:07.708,1.25771,1.25798,1.32,1.54
2012.12.10 16:47:07.767,1.25771,1.25798,1.54,1.32
2012.12.10 16:47:08.140,1.25771,1.25798,1.35,1.50
2012.12.10 16:47:18.579,1.25772,1.258,2.10,1.88
2012.12.10 16:47:22.559,1.25766,1.25799,3.19,1.50
2012.12.10 16:47:40.000,1.25766,1.25799,2.25,2.25
2012.12.10 16:47:56.419,1.25766,1.25799,1.69,2.63
2012.12.10 16:48:05.180,1.25765,1.25794,1.35,1.88
2012.12.10 16:48:05.309,1.25766,1.25794,1.35,2.63
2012.12.10 16:48:06.600,1.25765,1.25794,1.35,2.25
2012.12.10 16:48:12.779,1.25761,1.25796,4.26,1.73
2012.12.10 16:48:13.414,1.25766,1.25797,1.50,1.54
2012.12.10 16:48:13.980,1.25766,1.25798,2.25,1.35
2012.12.10 16:48:14.048,1.25766,1.25798,2.25,1.13
2012.12.10 16:48:14.389,1.25769,1.25797,2.54,1.13
2012.12.10 16:48:16.222,1.25769,1.25797,2.54,1.88
2012.12.10 16:48:16.289,1.25769,1.25797,1.88,1.32
2012.12.10 16:48:18.369,1.25769,1.25798,2.25,1.88
2012.12.10 16:48:18.879,1.25769,1.25799,2.54,1.32
2012.12.10 16:48:19.646,1.25769,1.25801,2.54,1.50
2012.12.10 16:48:20.364,1.25775,1.25801,1.04,1.50
2012.12.10 16:48:20.669,1.25779,1.25801,1.17,1.50
2012.12.10 16:48:21.338,1.25768,1.25803,1.13,2.44
2012.12.10 16:48:21.732,1.25768,1.25803,1.13,1.69
2012.12.10 16:48:21.798,1.25771,1.25803,1.38,2.03
2012.12.10 16:48:24.979,1.25775,1.25804,1.54,1.28
2012.12.10 16:48:25.170,1.25774,1.25801,1.13,1.50
2012.12.10 16:48:25.238,1.25772,1.25799,2.29,1.50
2012.12.10 16:48:25.419,1.25772,1.258,1.73,1.50
2012.12.10 16:48:27.248,1.25772,1.258,2.10,1.50
2012.12.10 16:48:28.398,1.25772,1.258,2.10,1.50
2012.12.10 16:48:28.669,1.25772,1.258,1.73,1.50
2012.12.10 16:48:29.788,1.25771,1.258,1.35,1.50
2012.12.10 16:48:31.019,1.25771,1.258,1.35,1.50
2012.12.10 16:48:31.268,1.25768,1.258,1.13,1.50
2012.12.10 16:48:31.390,1.25768,1.25803,1.13,2.03
2012.12.10 16:48:31.698,1.25772,1.25798,1.35,1.50
2012.12.10 16:48:31.998,1.25773,1.25798,1.35,1.50
2012.12.10 16:48:32.398,1.25772,1.25797,1.35,1.50
2012.12.10 16:48:32.698,1.25765,1.25797,1.88,2.29
2012.12.10 16:48:39.828,1.25765,1.25797,1.88,2.29
2012.12.10 16:48:54.840,1.25762,1.25797,2.07,1.88
2012.12.10 16:48:56.108,1.25762,1.25797,2.63,1.69
2012.12.10 16:48:56.409,1.25766,1.25799,1.54,1.65
2012.12.10 16:48:56.840,1.25765,1.25799,2.10,1.65
2012.12.10 16:48:57.479,1.25771,1.25798,2.10,1.28
2012.12.10 16:48:57.599,1.25771,1.25798,2.10,1.28
2012.12.10 16:49:02.638,1.25772,1.25797,1.35,1.65
2012.12.10 16:49:02.821,1.25772,1.25797,1.13,1.65
2012.12.10 16:49:03.009,1.25772,1.25801,2.10,1.50
2012.12.10 16:49:07.401,1.25769,1.25794,1.31,1.32
2012.12.10 16:49:07.651,1.25766,1.25795,2.14,1.54
2012.12.10 16:49:08.190,1.25764,1.25794,2.25,2.10
2012.12.10 16:49:12.219,1.25762,1.25794,1.65,1.54
2012.12.10 16:49:12.774,1.25762,1.25794,1.65,2.10
2012.12.10 16:49:14.518,1.25762,1.25794,1.65,1.54
2012.12.10 16:49:15.450,1.25762,1.25794,1.73,2.10
2012.12.10 16:49:32.339,1.25758,1.25793,1.04,1.73
2012.12.10 16:49:33.512,1.25758,1.25794,1.41,1.73
2012.12.10 16:49:34.186,1.25758,1.25794,1.79,1.73
2012.12.10 16:49:38.279,1.25758,1.25792,1.41,1.73
2012.12.10 16:49:40.949,1.25761,1.25792,2.39,1.73
2012.12.10 16:49:42.188,1.25764,1.25795,1.13,1.54
2012.12.10 16:49:42.319,1.25766,1.25798,1.13,1.50
2012.12.10 16:50:21.968,1.25767,1.258,1.13,1.35
2012.12.10 16:50:22.269,1.25766,1.25799,1.56,1.65
2012.12.10 16:50:22.408,1.25764,1.25799,3.60,1.65
2012.12.10 16:50:23.624,1.25765,1.25799,1.35,1.65
2012.12.10 16:50:26.790,1.25766,1.25799,2.84,1.65
2012.12.10 16:50:26.920,1.25766,1.25799,2.10,1.88
2012.12.10 16:50:27.353,1.25766,1.25799,1.54,1.88
2012.12.10 16:50:27.668,1.25771,1.25804,2.10,4.88
2012.12.10 16:50:27.729,1.25771,1.25794,1.88,1.50
2012.12.10 16:50:30.928,1.25765,1.25794,1.50,1.50
2012.12.10 16:50:31.678,1.25767,1.25795,1.65,1.35
2012.12.10 16:50:31.801,1.25768,1.25796,1.13,1.13
2012.12.10 16:50:32.939,1.25769,1.25796,1.13,1.13
2012.12.10 16:50:33.465,1.25769,1.25796,1.13,1.13
2012.12.10 16:50:34.075,1.25769,1.25795,1.13,1.32
2012.12.10 16:50:34.331,1.25772,1.25798,1.13,1.13
2012.12.10 16:50:38.309,1.25773,1.25794,3.38,1.50
2012.12.10 16:50:38.549,1.25773,1.25799,1.09,1.73
2012.12.10 16:50:38.739,1.25773,1.25799,1.09,1.73
2012.12.10 16:50:52.239,1.25762,1.25794,2.48,1.73
2012.12.10 16:50:52.789,1.25764,1.2579,1.79,1.50
2012.12.10 16:50:54.129,1.25767,1.25793,1.13,1.50
2012.12.10 16:50:54.189,1.25767,1.25793,1.50,1.50
2012.12.10 16:50:54.728,1.25767,1.25799,1.50,1.73
2012.12.10 16:50:56.158,1.25766,1.25799,2.25,1.73
2012.12.10 16:50:57.299,1.25763,1.25796,1.35,2.10
2012.12.10 16:51:04.629,1.25762,1.25795,2.48,1.54
2012.12.10 16:51:05.130,1.25762,1.25796,3.23,2.10
2012.12.10 16:51:05.686,1.25762,1.25795,3.23,1.54
2012.12.10 16:51:07.559,1.25763,1.25794,1.35,1.73
2012.12.10 16:51:07.682,1.25764,1.25794,2.48,1.73
2012.12.10 16:51:08.250,1.25766,1.25794,2.25,1.50
2012.12.10 16:51:17.112,1.25767,1.25794,1.73,1.50
2012.12.10 16:51:17.370,1.25769,1.25798,1.54,1.28
2012.12.10 16:51:18.628,1.25768,1.25794,1.35,1.50
2012.12.10 16:51:18.809,1.25768,1.25794,1.35,1.50
2012.12.10 16:51:19.348,1.25769,1.25793,1.35,1.50
2012.12.10 16:51:24.234,1.25768,1.25793,1.35,1.50
2012.12.10 16:51:32.492,1.25769,1.25793,1.35,1.50
2012.12.10 16:51:35.508,1.25765,1.25794,2.82,1.50
2012.12.10 16:51:35.570,1.25766,1.25794,1.35,1.50
2012.12.10 16:51:35.940,1.25765,1.25798,2.78,1.73
2012.12.10 16:51:36.009,1.25766,1.25798,1.50,1.73
2012.12.10 16:51:36.315,1.25765,1.25792,2.63,1.50
2012.12.10 16:51:36.559,1.25765,1.25792,2.63,1.50
2012.12.10 16:51:37.142,1.25766,1.25799,1.32,2.10
2012.12.10 16:51:37.340,1.25766,1.25799,2.10,1.50
2012.12.10 16:51:37.651,1.2577,1.25799,2.48,1.13
2012.12.10 16:51:44.569,1.25774,1.25801,2.25,1.13
2012.12.10 16:51:44.880,1.25783,1.25802,1.20,1.13
2012.12.10 16:51:44.950,1.2578,1.25802,1.92,1.13
2012.12.10 16:51:45.409,1.25773,1.25801,1.50,1.13
2012.12.10 16:51:55.163,1.25776,1.25803,2.54,1.13
2012.12.10 16:51:55.920,1.25776,1.25803,2.16,1.13
2012.12.10 16:51:55.988,1.25776,1.25803,2.16,1.13
2012.12.10 16:51:57.339,1.25773,1.25799,1.50,1.50
2012.12.10 16:51:57.891,1.25772,1.25798,1.35,1.13
2012.12.10 16:51:58.778,1.25768,1.25798,2.07,1.13
2012.12.10 16:52:03.318,1.25773,1.25798,1.50,1.13
2012.12.10 16:52:03.396,1.25773,1.25798,1.88,1.13
2012.12.10 16:52:03.712,1.25773,1.25798,2.10,1.13
2012.12.10 16:52:03.779,1.25772,1.25805,2.85,2.40
2012.12.10 16:52:04.472,1.25769,1.25799,2.48,1.50
2012.12.10 16:52:05.731,1.25769,1.25799,2.10,1.50
2012.12.10 16:52:12.129,1.25769,1.25799,2.25,1.50
2012.12.10 16:52:14.339,1.25769,1.25799,2.25,1.50
2012.12.10 16:52:16.965,1.25768,1.25799,2.82,1.50
2012.12.10 16:52:20.791,1.25768,1.25798,2.85,1.50
2012.12.10 16:52:21.531,1.25772,1.258,2.48,1.13
2012.12.10 16:52:21.664,1.25772,1.258,2.48,1.13
2012.12.10 16:52:22.051,1.25772,1.25799,1.73,1.50
2012.12.10 16:52:22.584,1.25772,1.25799,2.29,1.50
2012.12.10 16:52:23.100,1.25769,1.25799,1.73,1.50
2012.12.10 16:52:23.437,1.25769,1.25799,2.10,1.50
2012.12.10 16:52:23.559,1.25769,1.258,2.10,1.50
2012.12.10 16:52:23.680,1.25771,1.25803,1.73,1.35
2012.12.10 16:52:23.809,1.25771,1.25803,1.73,1.13
2012.12.10 16:52:23.989,1.25772,1.258,1.73,1.88
2012.12.10 16:52:24.050,1.25772,1.25798,1.73,1.50
2012.12.10 16:52:24.395,1.25772,1.258,1.73,1.13
2012.12.10 16:52:24.463,1.25772,1.258,1.73,1.88
2012.12.10 16:52:24.529,1.25772,1.25798,1.73,1.50
2012.12.10 16:52:25.560,1.25773,1.258,1.35,1.13
2012.12.10 16:52:25.889,1.25774,1.258,1.35,1.13
2012.12.10 16:52:26.355,1.25774,1.258,1.35,1.13
2012.12.10 16:52:28.499,1.25772,1.25799,1.73,1.50
2012.12.10 16:52:29.040,1.25769,1.25799,1.73,1.50
2012.12.10 16:52:32.289,1.25769,1.258,1.73,1.88
2012.12.10 16:52:32.350,1.25769,1.258,2.10,1.88
2012.12.10 16:52:32.919,1.25769,1.258,1.73,1.50
2012.12.10 16:52:32.979,1.25769,1.25799,1.73,1.50
2012.12.10 16:52:33.750,1.25769,1.25799,2.10,1.50
2012.12.10 16:52:33.819,1.25769,1.25801,2.10,2.10
2012.12.10 16:52:34.244,1.25769,1.25799,2.10,1.50
2012.12.10 16:52:34.488,1.25769,1.258,2.10,1.13
2012.12.10 16:52:34.773,1.25769,1.258,1.73,1.13
2012.12.10 16:52:34.839,1.25769,1.25801,2.10,1.73
2012.12.10 16:52:35.279,1.25769,1.25801,1.73,1.73
2012.12.10 16:52:35.399,1.25769,1.25799,1.73,1.50
2012.12.10 16:52:35.578,1.25769,1.25801,1.73,2.10
2012.12.10 16:52:35.939,1.25769,1.25799,1.73,1.50
2012.12.10 16:52:36.343,1.25769,1.25801,2.10,1.73
2012.12.10 16:52:36.663,1.25769,1.25799,2.10,1.50
2012.12.10 16:52:36.729,1.25769,1.25799,1.73,1.50
2012.12.10 16:52:38.211,1.25769,1.25799,2.10,1.50
2012.12.10 16:52:38.281,1.25769,1.25799,2.10,1.50
2012.12.10 16:52:38.721,1.25769,1.25798,3.00,1.88
2012.12.10 16:52:39.679,1.25769,1.25799,2.78,2.10
2012.12.10 16:52:40.199,1.25769,1.25798,2.78,1.54
2012.12.10 16:52:41.999,1.25769,1.25799,2.03,2.10
2012.12.10 16:52:46.724,1.25769,1.25799,1.65,2.10
2012.12.10 16:52:47.091,1.25769,1.25798,1.88,1.32
2012.12.10 16:52:47.599,1.25769,1.25798,2.72,1.13
2012.12.10 16:52:48.039,1.25769,1.25801,2.25,1.88
2012.12.10 16:52:48.667,1.25769,1.25801,2.63,1.50
2012.12.10 16:52:50.249,1.25769,1.25801,2.25,1.50
2012.12.10 16:52:50.758,1.25769,1.25801,2.63,1.50
2012.12.10 16:52:51.458,1.25769,1.25799,2.35,1.50
2012.12.10 16:52:51.796,1.25769,1.25799,2.35,1.50
2012.12.10 16:52:52.613,1.25769,1.25799,2.63,1.50
2012.12.10 16:52:52.989,1.25769,1.25799,2.72,1.50
2012.12.10 16:52:53.748,1.25769,1.25799,2.63,1.50
2012.12.10 16:52:55.109,1.25769,1.25799,2.31,1.50
2012.12.10 16:52:58.690,1.25769,1.25799,2.25,1.50
2012.12.10 16:53:03.333,1.25769,1.25799,2.63,1.50
2012.12.10 16:53:05.241,1.25769,1.25799,2.25,1.50
2012.12.10 16:53:06.089,1.25769,1.25799,2.63,1.50
2012.12.10 16:53:06.654,1.25769,1.25799,2.25,1.50
2012.12.10 16:53:07.610,1.25769,1.258,2.63,1.50
2012.12.10 16:53:07.969,1.25769,1.258,2.25,1.73
2012.12.10 16:53:11.349,1.25767,1.25798,1.94,1.54
2012.12.10 16:53:11.888,1.25767,1.25798,1.94,1.73
2012.12.10 16:53:12.648,1.25767,1.25798,2.78,1.54
2012.12.10 16:53:13.319,1.25767,1.25799,2.03,2.10
2012.12.10 16:53:14.059,1.25767,1.25798,2.03,1.54
2012.12.10 16:53:14.759,1.25767,1.25799,2.03,2.10
2012.12.10 16:53:16.015,1.25767,1.25799,1.65,2.10
2012.12.10 16:53:17.368,1.25767,1.25799,2.03,2.10
2012.12.10 16:53:21.708,1.25767,1.25798,2.03,1.54
2012.12.10 16:53:23.328,1.25767,1.25799,2.03,2.10
2012.12.10 16:53:23.879,1.25767,1.25798,2.03,1.54
2012.12.10 16:53:24.460,1.25767,1.25799,2.03,2.10
2012.12.10 16:53:24.519,1.25768,1.25799,1.32,1.32
2012.12.10 16:53:25.222,1.25767,1.25801,4.50,1.50
2012.12.10 16:53:26.625,1.25772,1.25802,2.10,1.13
2012.12.10 16:53:26.820,1.25773,1.25802,1.73,1.13
2012.12.10 16:53:30.632,1.25773,1.25802,1.73,1.13
2012.12.10 16:53:30.879,1.25772,1.25799,2.29,1.50
2012.12.10 16:53:35.159,1.25767,1.25797,4.41,1.50
2012.12.10 16:53:35.619,1.25767,1.25797,1.50,1.73
2012.12.10 16:53:41.661,1.25766,1.25797,1.07,1.73
2012.12.10 16:53:54.491,1.25764,1.25797,1.13,1.73
2012.12.10 16:53:59.168,1.25765,1.25794,1.73,1.50
2012.12.10 16:53:59.628,1.25765,1.25795,1.73,1.73
2012.12.10 16:54:35.209,1.25763,1.25797,1.64,1.54
2012.12.10 16:54:49.830,1.25762,1.25795,2.25,1.73
2012.12.10 16:54:50.016,1.25762,1.25795,2.03,1.73
2012.12.10 16:54:50.149,1.25762,1.25795,2.03,1.73
2012.12.10 16:54:50.690,1.25762,1.25793,1.50,1.32
2012.12.10 16:54:53.400,1.25762,1.25792,1.50,1.13
2012.12.10 16:54:55.040,1.25762,1.25793,1.50,1.50
2012.12.10 16:54:55.169,1.25761,1.25793,2.48,1.50
2012.12.10 16:54:55.630,1.25759,1.25788,1.69,1.32
2012.12.10 16:54:55.989,1.25758,1.25786,1.04,2.10
2012.12.10 16:55:00.361,1.25758,1.25785,1.04,1.54
2012.12.10 16:55:01.117,1.25758,1.25786,1.04,2.10
2012.12.10 16:55:01.807,1.25758,1.25785,1.04,1.54
2012.12.10 16:55:01.869,1.25758,1.25786,1.04,1.35
2012.12.10 16:55:01.989,1.25759,1.25785,1.26,1.13
2012.12.10 16:55:02.542,1.25759,1.25786,1.13,1.13
2012.12.10 16:55:04.489,1.25759,1.25785,1.26,1.13
2012.12.10 16:55:05.021,1.25759,1.25786,1.13,1.13
2012.12.10 16:55:05.150,1.25756,1.25785,4.41,1.32
2012.12.10 16:55:05.821,1.25756,1.25785,2.16,2.10
2012.12.10 16:55:06.329,1.25756,1.25785,2.16,1.54
2012.12.10 16:55:06.799,1.25753,1.25785,1.88,1.54
2012.12.10 16:55:15.349,1.25752,1.25785,1.86,1.54
2012.12.10 16:55:17.439,1.25753,1.25785,1.26,1.54
2012.12.10 16:55:17.942,1.25753,1.25785,1.26,2.10
2012.12.10 16:55:18.985,1.25753,1.25785,1.26,1.54
2012.12.10 16:55:21.099,1.25753,1.25786,1.13,1.54
2012.12.10 16:55:21.219,1.25753,1.25786,1.13,2.10
2012.12.10 16:55:22.410,1.25753,1.25785,1.26,1.73
2012.12.10 16:55:22.959,1.25751,1.25785,2.78,1.73
2012.12.10 16:55:37.702,1.25754,1.25786,1.13,1.54
2012.12.10 16:55:37.829,1.25755,1.25786,1.13,1.32
2012.12.10 16:55:43.860,1.25754,1.25785,1.69,1.50
2012.12.10 16:55:44.100,1.25751,1.25784,1.73,1.13
2012.12.10 16:55:48.023,1.2575,1.25785,2.01,1.73
2012.12.10 16:55:48.331,1.2575,1.25781,1.65,1.54
2012.12.10 16:56:01.209,1.25752,1.2578,1.50,1.73
2012.12.10 16:56:01.389,1.2575,1.2578,1.88,1.50
2012.12.10 16:56:02.700,1.2575,1.2578,1.28,1.73
2012.12.10 16:56:03.239,1.25747,1.25778,2.06,1.56
2012.12.10 16:56:04.210,1.25748,1.25777,1.93,1.73
2012.12.10 16:56:06.539,1.25748,1.25777,1.55,1.73
2012.12.10 16:56:09.012,1.25748,1.25777,1.93,1.73
2012.12.10 16:56:09.529,1.25748,1.25778,1.93,1.56
2012.12.10 16:56:11.299,1.25748,1.25778,1.93,1.56
2012.12.10 16:56:12.139,1.25748,1.25778,1.93,1.56
2012.12.10 16:56:12.868,1.25748,1.25778,1.93,1.56
2012.12.10 16:56:13.494,1.25748,1.25778,1.93,1.56
2012.12.10 16:56:14.042,1.25748,1.25778,1.93,2.31
2012.12.10 16:56:16.611,1.25748,1.25778,1.93,2.31
2012.12.10 16:56:17.943,1.25748,1.25778,1.93,1.56
2012.12.10 16:56:18.469,1.25748,1.25778,1.55,1.56
2012.12.10 16:56:19.007,1.25748,1.25778,1.93,1.56
2012.12.10 16:56:19.923,1.25748,1.25778,1.93,1.56
2012.12.10 16:56:21.979,1.25748,1.25778,1.55,1.56
2012.12.10 16:56:25.629,1.25748,1.25778,1.93,1.56
2012.12.10 16:56:26.022,1.25748,1.25778,1.55,1.56
2012.12.10 16:56:27.829,1.25748,1.25778,2.06,1.56
2012.12.10 16:56:28.592,1.25748,1.25778,1.93,1.56
2012.12.10 16:56:29.069,1.25748,1.25778,1.55,1.56
2012.12.10 16:56:30.481,1.25748,1.2578,1.55,1.73
2012.12.10 16:56:31.046,1.25748,1.2578,2.11,1.73
2012.12.10 16:56:32.109,1.25748,1.2578,1.93,1.73
2012.12.10 16:56:33.060,1.25748,1.2578,2.11,1.73
2012.12.10 16:56:33.614,1.25748,1.2578,1.93,1.73
2012.12.10 16:56:35.849,1.25748,1.2578,2.11,1.73
2012.12.10 16:56:37.129,1.25748,1.2578,1.55,1.73
2012.12.10 16:56:55.101,1.25747,1.25779,1.93,1.73
2012.12.10 16:56:56.819,1.25747,1.25779,1.93,2.09
2012.12.10 16:56:57.132,1.25747,1.25781,2.68,1.35
2012.12.10 16:56:57.380,1.25748,1.25778,1.70,1.73
2012.12.10 16:56:57.582,1.25748,1.25778,1.93,1.73
2012.12.10 16:57:01.092,1.2575,1.25778,1.50,1.73
2012.12.10 16:57:01.163,1.2575,1.25778,1.88,1.73
2012.12.10 16:57:01.709,1.25748,1.25778,3.75,1.73
2012.12.10 16:57:02.069,1.25747,1.25778,3.05,1.73
2012.12.10 16:57:02.510,1.25747,1.25778,2.68,1.73
2012.12.10 16:57:03.119,1.25747,1.25784,2.68,3.60
2012.12.10 16:57:03.300,1.25749,1.25784,1.13,3.60
2012.12.10 16:57:03.859,1.25747,1.25778,2.68,1.73
2012.12.10 16:57:10.739,1.25747,1.25778,1.88,1.73
2012.12.10 16:57:11.710,1.25747,1.25778,1.88,1.73
2012.12.10 16:57:12.579,1.25747,1.25778,1.88,1.73
2012.12.10 16:57:13.080,1.25747,1.25778,1.73,1.88
2012.12.10 16:57:13.730,1.25747,1.25778,1.73,1.88
2012.12.10 16:57:18.628,1.25748,1.25778,1.55,1.88
2012.12.10 16:57:28.520,1.25747,1.25778,1.73,1.88
2012.12.10 16:57:29.512,1.25748,1.25778,1.55,1.88
2012.12.10 16:57:29.639,1.25749,1.25778,1.13,1.73
2012.12.10 16:57:30.235,1.25752,1.25783,1.13,2.10
2012.12.10 16:57:57.078,1.25754,1.25783,1.73,1.13
2012.12.10 16:58:06.328,1.25752,1.25783,2.10,1.13
2012.12.10 16:58:06.509,1.25756,1.25791,1.73,1.88
2012.12.10 16:58:14.709,1.25753,1.25791,2.25,1.13
2012.12.10 16:58:14.769,1.25753,1.25791,1.88,1.13
2012.12.10 16:58:15.190,1.25754,1.25793,2.40,1.50
2012.12.10 16:58:15.310,1.25755,1.25793,1.13,1.13
2012.12.10 16:58:18.998,1.25754,1.25791,1.88,1.13
2012.12.10 16:58:19.059,1.25754,1.25791,1.65,1.13
2012.12.10 16:58:19.379,1.25753,1.2579,2.25,1.73
2012.12.10 16:58:19.689,1.25753,1.2579,1.13,2.48
2012.12.10 16:58:19.750,1.25758,1.25791,1.50,1.13
2012.12.10 16:58:19.939,1.25752,1.25791,1.88,1.13
2012.12.10 16:58:20.119,1.25754,1.25792,1.13,1.13
2012.12.10 16:58:20.358,1.25755,1.25792,1.13,1.13
2012.12.10 16:58:20.418,1.25752,1.25791,4.09,1.13
2012.12.10 16:58:20.718,1.25755,1.25792,1.13,1.13
2012.12.10 16:58:20.900,1.25754,1.25792,1.13,1.13
2012.12.10 16:58:20.958,1.25752,1.25791,3.75,1.13
2012.12.10 16:58:21.168,1.25754,1.25793,1.13,1.69
2012.12.10 16:58:21.229,1.25755,1.25793,1.13,1.13
2012.12.10 16:58:21.349,1.25754,1.25793,1.73,1.35
2012.12.10 16:58:21.468,1.25753,1.25788,1.50,1.13
2012.12.10 16:58:21.709,1.25753,1.25793,1.88,2.10
2012.12.10 16:58:21.771,1.25753,1.25793,1.88,2.10
2012.12.10 16:58:31.220,1.25753,1.25791,1.50,1.13
2012.12.10 16:58:31.338,1.25753,1.25788,1.50,1.13
2012.12.10 16:58:31.668,1.25753,1.25792,1.13,1.73
2012.12.10 16:58:31.789,1.25753,1.25792,1.88,1.73
2012.12.10 16:58:31.968,1.25752,1.2579,3.12,1.13
2012.12.10 16:58:32.028,1.25752,1.25788,2.63,1.13
2012.12.10 16:58:32.168,1.25753,1.25791,1.88,1.13
2012.12.10 16:58:32.228,1.25753,1.25791,1.88,1.13
2012.12.10 16:58:32.429,1.25753,1.25788,1.50,1.13
2012.12.10 16:58:32.608,1.25753,1.25792,1.13,1.35
2012.12.10 16:58:32.669,1.25753,1.25792,1.13,1.35
2012.12.10 16:58:32.968,1.25753,1.25784,1.28,1.17
2012.12.10 16:58:33.520,1.25749,1.2578,1.13,1.35
2012.12.10 16:58:33.582,1.25751,1.25783,1.13,1.13
2012.12.10 16:58:36.421,1.25751,1.2578,1.73,1.50
2012.12.10 16:58:36.490,1.25751,1.2578,1.50,1.73
2012.12.10 16:58:36.610,1.25748,1.2578,1.55,1.73
2012.12.10 16:58:39.345,1.25747,1.2578,2.48,1.73
2012.12.10 16:58:40.680,1.25747,1.25781,3.42,1.13
2012.12.10 16:58:40.800,1.25748,1.25782,1.73,1.28
2012.12.10 16:58:41.930,1.25747,1.2578,3.23,1.50
2012.12.10 16:58:41.989,1.25747,1.2578,3.00,1.73
2012.12.10 16:58:42.231,1.25747,1.25783,2.48,1.28
2012.12.10 16:58:43.930,1.2575,1.2578,1.73,1.50
2012.12.10 16:58:44.119,1.25746,1.2578,3.00,1.73
2012.12.10 16:58:44.180,1.25745,1.25776,2.03,1.73
2012.12.10 16:58:45.389,1.25746,1.25778,1.50,1.73
2012.12.10 16:58:47.066,1.25745,1.2578,3.75,1.73
2012.12.10 16:58:47.689,1.25745,1.25778,1.65,2.29
2012.12.10 16:58:47.869,1.25746,1.2578,1.13,1.73
2012.12.10 16:58:49.149,1.25745,1.2578,2.63,1.73
2012.12.10 16:58:49.689,1.25748,1.25776,1.55,1.73
2012.12.10 16:58:50.269,1.25748,1.25779,1.55,1.54
2012.12.10 16:58:51.043,1.25747,1.2578,2.53,1.73
2012.12.10 16:58:52.650,1.25747,1.2578,1.78,1.73
2012.12.10 16:58:53.019,1.25748,1.25776,1.55,1.73
2012.12.10 16:58:53.141,1.25748,1.25776,1.55,1.73
2012.12.10 16:58:53.699,1.25747,1.25779,1.55,1.23
2012.12.10 16:58:53.770,1.25748,1.2578,1.55,1.73
2012.12.10 16:58:58.979,1.25748,1.2578,1.55,1.73
2012.12.10 16:58:59.100,1.25748,1.25779,1.55,1.32
2012.12.10 16:58:59.628,1.25747,1.25777,1.55,1.73
2012.12.10 16:58:59.749,1.25747,1.25778,2.53,1.73
2012.12.10 16:59:08.139,1.25748,1.2578,1.55,1.73
2012.12.10 16:59:08.334,1.25748,1.2578,1.55,1.73
2012.12.10 16:59:08.904,1.25747,1.25777,1.55,1.13
2012.12.10 16:59:12.890,1.25747,1.25777,1.55,1.13
2012.12.10 16:59:13.310,1.25747,1.25777,1.55,2.63
2012.12.10 16:59:14.809,1.25747,1.25779,1.78,1.13
2012.12.10 16:59:14.930,1.25747,1.25777,1.55,1.13
2012.12.10 16:59:15.538,1.25748,1.25777,1.55,1.13
2012.12.10 16:59:16.821,1.25747,1.25777,1.55,1.13
2012.12.10 16:59:20.700,1.25748,1.25778,1.55,1.13
2012.12.10 16:59:20.771,1.25748,1.25778,1.55,1.13
2012.12.10 16:59:21.705,1.25747,1.25779,1.78,1.88
2012.12.10 16:59:24.129,1.25747,1.25778,1.93,1.26
2012.12.10 16:59:24.631,1.25748,1.25779,1.55,2.10
2012.12.10 16:59:24.882,1.25748,1.25775,1.55,1.13
2012.12.10 16:59:25.410,1.25748,1.25774,1.55,1.13
2012.12.10 16:59:29.262,1.25747,1.25774,1.55,1.13
2012.12.10 16:59:29.700,1.25748,1.25778,1.70,1.61
2012.12.10 16:59:29.889,1.25748,1.2578,1.70,1.73
2012.12.10 16:59:33.600,1.25748,1.25782,1.70,3.23
2012.12.10 16:59:34.530,1.25748,1.25779,1.55,1.35
2012.12.10 16:59:34.889,1.25747,1.25779,1.70,1.13
2012.12.10 16:59:35.639,1.25747,1.25782,1.70,3.23
2012.12.10 16:59:38.899,1.25747,1.25782,2.45,3.23
2012.12.10 16:59:39.667,1.25748,1.25776,1.70,1.73
2012.12.10 16:59:48.092,1.25748,1.25772,1.55,1.13
2012.12.10 16:59:48.352,1.25748,1.25778,1.55,1.88
2012.12.10 16:59:48.421,1.25748,1.25777,1.55,1.13
2012.12.10 16:59:49.160,1.25748,1.25781,1.55,2.18
2012.12.10 16:59:53.983,1.25748,1.25779,1.55,1.35
2012.12.10 16:59:54.050,1.25748,1.2578,1.70,1.73
2012.12.10 16:59:54.230,1.25748,1.25779,1.70,1.47
2012.12.10 16:59:54.760,1.25747,1.2578,2.68,1.73
2012.12.10 16:59:55.010,1.25748,1.2578,1.70,2.48
2012.12.10 16:59:55.519,1.25748,1.25778,1.70,1.50
2012.12.10 16:59:58.259,1.25748,1.2578,1.70,1.73
