2013.04.25 05:00:03.034,1.20867,1.20898,1.50,2.10
2013.04.25 05:00:07.625,1.20871,1.20898,2.07,1.35
2013.04.25 05:00:07.814,1.20872,1.20903,1.43,1.13
2013.04.25 05:00:09.744,1.20872,1.20906,2.55,2.07
2013.04.25 05:00:12.186,1.20873,1.20906,1.13,2.07
2013.04.25 05:00:13.863,1.20875,1.20906,1.13,1.35
2013.04.25 05:00:14.460,1.20877,1.20906,1.32,1.35
2013.04.25 05:00:15.036,1.20877,1.20909,1.32,1.35
2013.04.25 05:00:15.105,1.20877,1.20911,1.32,2.25
2013.04.25 05:00:17.351,1.20877,1.20907,1.32,1.35
2013.04.25 05:00:23.364,1.20878,1.20911,1.32,1.39
2013.04.25 05:00:27.593,1.20881,1.20908,1.43,1.13
2013.04.25 05:00:28.139,1.2088,1.20908,1.43,1.13
2013.04.25 05:00:29.614,1.20877,1.20908,1.50,1.80
2013.04.25 05:00:31.877,1.20876,1.20907,1.50,1.13
2013.04.25 05:00:32.594,1.2088,1.20907,1.13,1.13
2013.04.25 05:00:32.663,1.20889,1.20914,1.88,1.50
2013.04.25 05:00:32.723,1.20894,1.20916,1.13,1.80
2013.04.25 05:00:32.845,1.20895,1.20917,1.09,1.13
2013.04.25 05:00:32.914,1.20895,1.20925,1.09,1.43
2013.04.25 05:00:33.723,1.20894,1.20928,1.13,2.18
2013.04.25 05:00:33.963,1.20894,1.20927,1.13,1.43
2013.04.25 05:00:38.028,1.20894,1.2092,1.69,2.33
2013.04.25 05:00:42.333,1.20902,1.20919,1.13,1.13
2013.04.25 05:00:42.395,1.20911,1.20919,1.28,1.13
2013.04.25 05:00:42.584,1.20918,1.20937,1.50,1.50
2013.04.25 05:00:42.644,1.20913,1.20939,2.18,1.50
2013.04.25 05:00:42.713,1.20913,1.20939,1.43,1.50
2013.04.25 05:00:42.775,1.20914,1.20938,1.35,1.50
2013.04.25 05:00:43.086,1.20917,1.20949,1.43,1.43
2013.04.25 05:00:43.154,1.20916,1.20949,1.43,1.43
2013.04.25 05:00:43.645,1.20919,1.20945,1.32,1.43
2013.04.25 05:00:44.434,1.20913,1.20945,1.43,1.43
2013.04.25 05:00:49.915,1.20918,1.20943,2.03,2.10
2013.04.25 05:00:50.163,1.2092,1.20943,1.43,1.50
2013.04.25 05:00:50.344,1.20921,1.20949,1.50,3.23
2013.04.25 05:00:50.533,1.20915,1.20939,1.43,1.50
2013.04.25 05:00:51.609,1.2092,1.20936,1.32,1.50
2013.04.25 05:00:51.865,1.2092,1.2094,1.99,1.50
2013.04.25 05:00:52.794,1.20912,1.20939,1.58,1.50
2013.04.25 05:00:53.648,1.20911,1.20939,1.24,1.50
2013.04.25 05:00:54.158,1.2091,1.20939,1.73,1.50
2013.04.25 05:00:54.523,1.2091,1.20935,1.05,1.50
2013.04.25 05:00:55.321,1.20909,1.20935,1.43,1.50
2013.04.25 05:00:57.284,1.20909,1.20939,2.18,1.50
2013.04.25 05:00:57.359,1.20911,1.20943,1.35,1.50
2013.04.25 05:01:03.313,1.2091,1.20938,1.35,1.50
2013.04.25 05:01:03.556,1.20906,1.20934,1.05,1.50
2013.04.25 05:01:03.624,1.20905,1.20934,1.80,1.50
2013.04.25 05:01:04.183,1.20903,1.20938,3.60,2.18
2013.04.25 05:01:06.353,1.20904,1.20933,1.43,1.50
2013.04.25 05:01:06.894,1.20903,1.20937,3.60,1.50
2013.04.25 05:01:07.444,1.20903,1.20933,3.23,1.50
2013.04.25 05:01:08.374,1.20903,1.20937,2.85,1.50
2013.04.25 05:01:08.433,1.20903,1.20933,2.85,1.50
2013.04.25 05:01:08.983,1.20903,1.20933,2.48,1.50
2013.04.25 05:01:09.424,1.20903,1.20933,2.48,1.50
2013.04.25 05:01:09.964,1.20903,1.20933,2.48,1.50
2013.04.25 05:01:10.273,1.20903,1.20932,2.10,1.13
2013.04.25 05:01:12.254,1.20903,1.20932,3.00,1.13
2013.04.25 05:01:12.684,1.20903,1.20929,3.60,1.50
2013.04.25 05:01:12.746,1.20907,1.20929,1.35,1.50
2013.04.25 05:01:12.933,1.20907,1.20934,2.10,1.50
2013.04.25 05:01:13.173,1.20903,1.20934,2.37,1.50
2013.04.25 05:01:13.553,1.20902,1.20929,1.88,1.50
2013.04.25 05:01:13.733,1.20903,1.20933,1.80,1.13
2013.04.25 05:01:14.284,1.20903,1.20929,1.80,1.50
2013.04.25 05:01:22.875,1.20904,1.20929,2.18,1.50
2013.04.25 05:01:23.074,1.20907,1.20939,1.35,2.93
2013.04.25 05:01:23.686,1.20907,1.20938,1.35,1.95
2013.04.25 05:01:31.974,1.20906,1.20938,1.35,2.63
2013.04.25 05:01:32.496,1.20904,1.20938,1.35,2.63
2013.04.25 05:01:33.143,1.20906,1.20938,1.43,3.00
2013.04.25 05:01:34.700,1.20911,1.20938,1.50,1.95
2013.04.25 05:01:35.057,1.20912,1.20938,1.35,1.95
2013.04.25 05:01:36.115,1.20905,1.20937,1.05,1.43
2013.04.25 05:01:36.435,1.20905,1.20937,1.62,1.43
2013.04.25 05:01:36.506,1.2091,1.20937,1.50,1.43
2013.04.25 05:01:36.651,1.20907,1.20937,1.13,1.43
2013.04.25 05:01:36.716,1.20906,1.20937,1.13,1.43
2013.04.25 05:01:36.975,1.20906,1.20933,1.13,2.03
2013.04.25 05:01:42.405,1.20906,1.20933,1.13,1.80
2013.04.25 05:01:42.598,1.20906,1.20934,1.13,1.43
2013.04.25 05:01:42.917,1.20906,1.20932,1.13,1.58
2013.04.25 05:01:46.215,1.209,1.20931,1.50,1.43
2013.04.25 05:02:07.435,1.20901,1.20932,1.43,1.95
2013.04.25 05:02:07.986,1.20902,1.20932,1.43,1.95
2013.04.25 05:02:09.456,1.20901,1.20932,1.43,1.95
2013.04.25 05:02:10.023,1.20899,1.20932,2.18,2.63
2013.04.25 05:02:12.255,1.20901,1.20932,1.43,1.95
2013.04.25 05:02:17.166,1.20896,1.20928,1.58,1.43
2013.04.25 05:02:17.238,1.20896,1.20928,1.58,1.80
2013.04.25 05:02:20.226,1.20896,1.20928,1.58,1.80
2013.04.25 05:02:25.496,1.20899,1.20928,1.35,1.13
2013.04.25 05:02:25.816,1.20903,1.20929,1.35,4.65
2013.04.25 05:02:26.016,1.20899,1.20929,1.50,2.25
2013.04.25 05:02:26.086,1.20897,1.20929,1.35,2.25
2013.04.25 05:02:26.156,1.20896,1.20928,1.43,1.43
2013.04.25 05:02:26.228,1.20896,1.20928,1.43,2.48
2013.04.25 05:02:35.645,1.20898,1.20928,1.35,2.18
2013.04.25 05:02:37.436,1.209,1.20928,1.43,1.80
2013.04.25 05:02:37.756,1.20902,1.20928,1.43,1.80
2013.04.25 05:02:56.976,1.20904,1.20928,1.43,2.18
2013.04.25 05:02:57.306,1.20906,1.20928,1.43,2.18
2013.04.25 05:03:09.072,1.20905,1.20933,1.35,1.88
2013.04.25 05:03:12.095,1.20907,1.20932,2.33,1.13
2013.04.25 05:03:12.467,1.20912,1.20933,1.50,2.25
2013.04.25 05:03:12.786,1.20915,1.20933,1.35,2.25
2013.04.25 05:03:12.986,1.20916,1.20933,1.43,1.13
2013.04.25 05:03:13.176,1.20915,1.20938,1.35,1.50
2013.04.25 05:03:13.826,1.20915,1.20939,1.35,1.50
2013.04.25 05:03:22.148,1.20915,1.20939,3.38,1.50
2013.04.25 05:03:26.375,1.2092,1.20938,1.35,1.50
2013.04.25 05:03:26.567,1.20918,1.20939,1.35,1.50
2013.04.25 05:03:26.635,1.20916,1.20939,1.35,1.50
2013.04.25 05:03:27.006,1.20916,1.20935,1.35,2.03
2013.04.25 05:03:29.905,1.20918,1.20935,1.80,1.13
2013.04.25 05:03:30.219,1.2092,1.20941,1.39,1.50
2013.04.25 05:03:30.357,1.20917,1.20943,1.24,1.50
2013.04.25 05:03:30.906,1.20911,1.2094,1.99,2.70
2013.04.25 05:03:37.294,1.20911,1.2094,2.67,3.08
2013.04.25 05:03:37.733,1.20912,1.2094,1.35,3.08
2013.04.25 05:03:40.826,1.20914,1.2094,1.43,1.13
2013.04.25 05:03:41.216,1.20914,1.20944,1.43,1.50
2013.04.25 05:03:43.524,1.20914,1.20944,2.10,1.50
2013.04.25 05:03:43.854,1.20916,1.20944,1.35,1.50
2013.04.25 05:03:45.370,1.20919,1.20944,1.43,1.13
2013.04.25 05:03:45.616,1.2092,1.20949,1.43,1.13
2013.04.25 05:03:45.756,1.20923,1.2095,1.50,1.50
2013.04.25 05:03:45.886,1.2092,1.2095,2.18,1.50
2013.04.25 05:03:45.956,1.20922,1.2095,2.10,1.50
2013.04.25 05:03:46.375,1.20924,1.20953,1.24,1.50
2013.04.25 05:03:46.939,1.20924,1.20956,1.24,2.25
2013.04.25 05:03:47.946,1.20924,1.20953,1.24,1.50
2013.04.25 05:03:49.964,1.20924,1.20953,1.24,1.50
2013.04.25 05:03:50.274,1.20925,1.20953,1.43,1.88
2013.04.25 05:03:50.457,1.20925,1.20953,1.43,1.88
2013.04.25 05:03:50.964,1.20925,1.20949,1.43,1.50
2013.04.25 05:03:51.476,1.20924,1.20954,1.43,1.50
2013.04.25 05:03:56.545,1.20919,1.20949,1.43,1.50
2013.04.25 05:03:56.615,1.20919,1.20949,1.43,1.50
2013.04.25 05:03:57.658,1.20919,1.20949,1.24,1.84
2013.04.25 05:03:57.861,1.20919,1.20948,1.24,1.50
2013.04.25 05:03:58.277,1.20919,1.20948,1.24,1.50
2013.04.25 05:03:59.054,1.20919,1.20948,1.24,3.23
2013.04.25 05:04:00.230,1.20916,1.20943,1.99,1.50
2013.04.25 05:04:00.625,1.20916,1.20943,1.24,1.50
2013.04.25 05:04:07.894,1.20915,1.20943,1.35,1.50
2013.04.25 05:04:14.425,1.20915,1.20943,1.35,1.50
2013.04.25 05:04:14.816,1.20915,1.20942,1.35,1.88
2013.04.25 05:04:17.265,1.20914,1.2094,1.43,1.13
2013.04.25 05:04:26.666,1.20916,1.20942,1.35,1.13
2013.04.25 05:04:27.066,1.20916,1.20943,1.35,1.50
2013.04.25 05:04:32.705,1.20914,1.20943,1.32,1.50
2013.04.25 05:04:37.791,1.20912,1.20941,2.44,1.50
2013.04.25 05:04:37.874,1.20912,1.20941,1.32,1.13
2013.04.25 05:04:38.007,1.20906,1.20933,1.24,1.50
2013.04.25 05:04:38.910,1.20907,1.20938,1.88,1.65
2013.04.25 05:04:39.215,1.20907,1.20938,1.88,2.48
2013.04.25 05:04:40.936,1.20908,1.20937,1.13,1.28
2013.04.25 05:04:41.402,1.20908,1.20931,1.13,2.18
2013.04.25 05:04:52.065,1.20909,1.20931,1.13,2.55
2013.04.25 05:04:52.375,1.20912,1.20931,1.35,1.13
2013.04.25 05:04:52.564,1.20906,1.20935,1.13,1.13
2013.04.25 05:04:52.636,1.20907,1.20934,1.65,1.13
2013.04.25 05:04:52.706,1.20906,1.20934,1.13,1.13
2013.04.25 05:04:53.284,1.20907,1.20935,1.47,1.80
2013.04.25 05:04:53.865,1.20902,1.20928,1.13,1.50
2013.04.25 05:04:53.935,1.20901,1.20928,1.80,1.50
2013.04.25 05:05:00.094,1.20905,1.20928,1.13,1.50
2013.04.25 05:05:11.757,1.20907,1.20935,1.32,1.80
2013.04.25 05:05:15.866,1.20907,1.20935,1.32,1.80
2013.04.25 05:05:17.625,1.20907,1.20935,1.32,1.13
2013.04.25 05:05:18.015,1.20907,1.20937,1.32,2.18
2013.04.25 05:05:18.616,1.20905,1.20928,1.24,1.50
2013.04.25 05:05:18.804,1.209,1.20928,1.13,1.50
2013.04.25 05:05:19.216,1.209,1.20928,1.13,1.50
2013.04.25 05:05:21.876,1.20901,1.20928,1.13,1.50
2013.04.25 05:05:24.134,1.20901,1.20928,1.13,1.50
2013.04.25 05:05:24.675,1.20906,1.20928,1.13,1.50
2013.04.25 05:05:26.924,1.209,1.20922,1.13,1.43
2013.04.25 05:05:32.916,1.20906,1.20929,1.13,1.43
2013.04.25 05:05:33.117,1.20899,1.20929,1.13,2.18
2013.04.25 05:05:33.185,1.20898,1.20929,1.13,2.18
2013.04.25 05:05:34.866,1.20896,1.20924,1.32,1.99
2013.04.25 05:05:34.935,1.20892,1.20922,1.99,1.50
2013.04.25 05:05:38.675,1.20892,1.20919,1.24,1.50
2013.04.25 05:05:55.095,1.2089,1.20919,1.24,1.50
2013.04.25 05:05:55.476,1.20891,1.20919,1.32,1.50
2013.04.25 05:05:56.026,1.20893,1.20919,1.35,1.50
2013.04.25 05:05:58.055,1.20894,1.20919,1.43,1.50
2013.04.25 05:06:02.826,1.20891,1.20919,1.32,1.50
2013.04.25 05:06:03.335,1.20891,1.20919,1.32,1.50
2013.04.25 05:06:03.705,1.20891,1.20916,1.32,1.43
2013.04.25 05:06:06.375,1.2089,1.20914,1.13,2.63
2013.04.25 05:06:07.503,1.20888,1.20913,1.69,1.13
2013.04.25 05:06:11.354,1.2089,1.20913,1.13,1.13
2013.04.25 05:06:11.655,1.2089,1.20907,1.13,1.13
2013.04.25 05:06:11.846,1.20886,1.20907,1.32,1.13
2013.04.25 05:06:11.918,1.20884,1.20907,1.13,1.13
2013.04.25 05:06:16.425,1.20884,1.20907,1.13,1.13
2013.04.25 05:06:17.075,1.20884,1.20903,1.13,2.78
2013.04.25 05:06:19.106,1.20883,1.20902,1.13,1.13
2013.04.25 05:06:22.241,1.20884,1.20902,1.13,1.13
2013.04.25 05:06:22.595,1.20881,1.20902,1.32,1.13
2013.04.25 05:06:22.666,1.20878,1.20902,1.13,1.13
2013.04.25 05:06:23.456,1.20877,1.20901,1.13,1.43
2013.04.25 05:06:23.915,1.20876,1.209,1.88,2.48
2013.04.25 05:06:24.176,1.20873,1.209,1.13,2.85
2013.04.25 05:06:24.247,1.2087,1.20901,1.09,1.43
2013.04.25 05:06:24.435,1.20876,1.20901,1.32,1.43
2013.04.25 05:06:24.627,1.20871,1.20901,1.65,1.80
2013.04.25 05:06:24.756,1.20869,1.20901,1.95,2.18
2013.04.25 05:06:25.115,1.20866,1.20895,1.32,1.32
2013.04.25 05:06:25.625,1.20866,1.20895,1.32,1.99
2013.04.25 05:06:25.995,1.20866,1.20895,1.32,1.99
2013.04.25 05:06:26.304,1.20869,1.20893,1.13,1.13
2013.04.25 05:06:27.396,1.20865,1.20894,2.07,1.69
2013.04.25 05:06:27.716,1.20864,1.20894,1.99,1.69
2013.04.25 05:06:27.906,1.20869,1.20896,1.13,1.13
2013.04.25 05:06:31.536,1.20871,1.20897,1.24,1.13
2013.04.25 05:06:34.529,1.2087,1.20897,1.13,1.13
2013.04.25 05:06:34.956,1.2087,1.20894,1.13,1.65
2013.04.25 05:06:35.172,1.20867,1.20894,1.50,2.03
2013.04.25 05:06:35.707,1.20863,1.20893,1.32,1.13
2013.04.25 05:06:54.657,1.20867,1.20893,1.50,1.13
2013.04.25 05:06:54.846,1.20867,1.20893,2.25,1.13
2013.04.25 05:06:55.180,1.2087,1.20893,1.13,1.13
2013.04.25 05:06:55.718,1.2087,1.20893,1.13,1.13
2013.04.25 05:06:56.487,1.20872,1.20894,1.32,1.13
2013.04.25 05:06:56.675,1.20872,1.20894,1.24,1.13
2013.04.25 05:06:56.865,1.20875,1.20894,1.35,1.13
2013.04.25 05:06:59.385,1.20872,1.20894,1.92,1.13
2013.04.25 05:07:04.385,1.20875,1.20894,1.13,1.13
2013.04.25 05:07:04.973,1.20876,1.20894,1.32,1.13
2013.04.25 05:07:07.236,1.20872,1.20893,2.10,1.13
2013.04.25 05:07:07.796,1.20869,1.20894,1.32,1.13
2013.04.25 05:07:09.121,1.20875,1.20894,1.13,1.13
2013.04.25 05:07:09.435,1.2087,1.20897,1.32,2.85
2013.04.25 05:07:21.237,1.20869,1.20892,1.32,1.13
2013.04.25 05:07:23.566,1.20869,1.20894,1.32,1.13
2013.04.25 05:07:23.786,1.20869,1.20896,1.32,1.43
2013.04.25 05:07:23.916,1.20869,1.20896,1.32,1.43
2013.04.25 05:07:24.247,1.20869,1.20896,1.32,2.18
2013.04.25 05:07:24.555,1.20869,1.20896,1.32,1.80
2013.04.25 05:07:25.104,1.20869,1.20896,1.32,1.43
2013.04.25 05:07:25.887,1.20869,1.20893,1.32,1.65
2013.04.25 05:07:41.646,1.20871,1.20896,1.32,1.13
2013.04.25 05:07:41.718,1.20871,1.20896,1.32,1.13
2013.04.25 05:07:41.966,1.20873,1.20904,1.32,1.35
2013.04.25 05:07:42.036,1.20875,1.20906,1.43,1.50
2013.04.25 05:07:42.107,1.20875,1.20906,1.43,1.50
2013.04.25 05:07:42.247,1.20875,1.20905,1.43,2.70
2013.04.25 05:07:43.476,1.20875,1.20898,1.32,2.48
2013.04.25 05:07:48.635,1.20874,1.20898,1.13,2.48
2013.04.25 05:07:48.705,1.20869,1.20898,1.35,3.04
2013.04.25 05:07:48.836,1.20867,1.20898,1.77,3.04
2013.04.25 05:07:49.395,1.20867,1.20897,1.62,2.48
2013.04.25 05:07:49.584,1.20867,1.20892,1.62,1.95
2013.04.25 05:07:57.614,1.20866,1.20888,1.99,2.10
2013.04.25 05:08:00.845,1.20864,1.20888,1.32,2.10
2013.04.25 05:08:00.917,1.2086,1.20888,1.65,2.85
2013.04.25 05:08:01.736,1.20864,1.20888,1.32,2.48
2013.04.25 05:08:04.455,1.20864,1.20888,1.99,1.13
2013.04.25 05:08:04.689,1.20864,1.20888,1.99,1.13
2013.04.25 05:08:06.967,1.20872,1.20888,1.32,1.13
2013.04.25 05:08:07.155,1.20866,1.20888,2.10,1.13
2013.04.25 05:08:07.665,1.20864,1.20889,1.99,1.13
2013.04.25 05:08:16.385,1.20861,1.20889,2.93,1.13
2013.04.25 05:08:16.885,1.20861,1.20889,2.25,1.69
2013.04.25 05:08:17.347,1.20855,1.20889,1.50,4.24
2013.04.25 05:08:17.805,1.20855,1.20884,1.50,2.18
2013.04.25 05:08:17.945,1.20855,1.20883,1.50,1.13
2013.04.25 05:08:18.136,1.20855,1.20883,1.50,1.13
2013.04.25 05:08:18.555,1.20855,1.20884,1.50,1.88
2013.04.25 05:08:35.037,1.20854,1.20884,1.39,2.25
2013.04.25 05:08:37.426,1.20858,1.20884,1.50,2.25
2013.04.25 05:08:37.805,1.20858,1.20884,2.18,2.25
2013.04.25 05:08:38.184,1.20858,1.20883,1.69,1.13
2013.04.25 05:08:38.505,1.20861,1.20883,1.50,1.13
2013.04.25 05:08:47.416,1.20861,1.20883,2.18,1.13
2013.04.25 05:09:09.335,1.20862,1.2089,1.35,2.18
2013.04.25 05:09:27.850,1.20862,1.20889,2.25,1.13
2013.04.25 05:09:39.765,1.20862,1.20886,1.35,1.32
2013.04.25 05:09:40.305,1.20858,1.20886,1.69,1.32
2013.04.25 05:09:40.376,1.20858,1.2088,1.02,1.32
2013.04.25 05:09:40.709,1.20856,1.2088,1.50,1.32
2013.04.25 05:09:41.225,1.20857,1.20885,2.25,1.13
2013.04.25 05:09:41.544,1.2086,1.20885,1.35,1.13
2013.04.25 05:09:46.485,1.20862,1.20884,2.18,1.13
2013.04.25 05:09:46.794,1.20866,1.20884,2.10,1.13
2013.04.25 05:09:47.604,1.20866,1.20884,1.43,1.13
2013.04.25 05:09:50.214,1.20863,1.20885,1.35,1.13
2013.04.25 05:09:50.275,1.20861,1.20885,1.35,1.13
2013.04.25 05:10:02.362,1.2086,1.20885,1.35,1.13
2013.04.25 05:10:02.935,1.20858,1.20885,1.35,1.13
2013.04.25 05:10:08.845,1.20857,1.20884,1.39,1.13
2013.04.25 05:10:12.299,1.20858,1.20885,1.50,1.13
2013.04.25 05:10:12.952,1.20858,1.20885,1.50,1.13
2013.04.25 05:10:14.069,1.20858,1.20885,2.18,1.13
2013.04.25 05:10:14.412,1.20863,1.20885,1.13,1.13
2013.04.25 05:10:14.746,1.20865,1.20885,1.50,1.13
2013.04.25 05:10:15.085,1.20868,1.20885,1.13,1.13
2013.04.25 05:10:15.705,1.20868,1.20885,1.13,1.13
2013.04.25 05:10:22.156,1.20869,1.20888,1.13,2.18
2013.04.25 05:10:46.318,1.20863,1.20888,2.74,2.18
2013.04.25 05:10:46.457,1.20862,1.20888,1.88,2.18
2013.04.25 05:10:53.186,1.20863,1.20886,1.32,1.13
2013.04.25 05:10:53.690,1.20863,1.20886,1.32,1.13
2013.04.25 05:10:54.774,1.20863,1.20886,1.32,1.13
2013.04.25 05:11:01.777,1.20863,1.20886,1.32,1.13
2013.04.25 05:11:02.607,1.20863,1.20886,1.32,1.13
2013.04.25 05:11:03.334,1.20862,1.20886,1.88,1.13
2013.04.25 05:11:15.799,1.20862,1.20893,1.88,1.69
2013.04.25 05:11:27.324,1.20862,1.20893,1.88,1.69
2013.04.25 05:11:29.473,1.20862,1.20893,1.88,2.07
2013.04.25 05:11:32.524,1.20863,1.20893,1.24,2.07
2013.04.25 05:11:32.586,1.20863,1.20893,1.92,2.07
2013.04.25 05:11:48.945,1.20865,1.20897,1.43,1.43
2013.04.25 05:11:49.485,1.2087,1.20899,1.32,1.50
2013.04.25 05:11:51.924,1.20865,1.20893,1.50,1.32
2013.04.25 05:11:52.426,1.20865,1.20893,1.32,1.32
2013.04.25 05:11:52.731,1.20865,1.20892,1.32,2.40
2013.04.25 05:11:53.005,1.20865,1.20894,1.32,1.69
2013.04.25 05:11:53.538,1.20866,1.20894,1.32,1.69
2013.04.25 05:11:53.606,1.2087,1.20903,1.13,2.55
2013.04.25 05:11:54.076,1.2087,1.20901,1.13,1.32
2013.04.25 05:11:55.085,1.20867,1.20895,1.88,1.32
2013.04.25 05:11:56.260,1.20867,1.20895,1.13,1.99
2013.04.25 05:11:59.566,1.20867,1.20895,1.13,1.99
2013.04.25 05:12:09.381,1.20867,1.20895,1.32,1.99
2013.04.25 05:12:17.627,1.20866,1.20893,1.32,1.43
2013.04.25 05:12:17.995,1.20861,1.20893,1.43,1.43
2013.04.25 05:12:25.655,1.20862,1.20898,2.25,1.43
2013.04.25 05:12:26.222,1.20866,1.20893,1.32,1.43
2013.04.25 05:12:29.396,1.20866,1.20892,1.32,1.43
2013.04.25 05:12:32.156,1.20866,1.20892,1.32,1.43
2013.04.25 05:12:38.285,1.20866,1.20892,1.32,1.43
2013.04.25 05:12:38.795,1.20866,1.20892,1.32,1.43
2013.04.25 05:12:42.943,1.20865,1.20894,1.32,1.43
2013.04.25 05:12:43.136,1.20862,1.20894,1.50,1.43
2013.04.25 05:12:45.637,1.2087,1.20891,1.13,1.35
2013.04.25 05:12:46.195,1.2087,1.2089,1.13,1.43
2013.04.25 05:13:02.686,1.20871,1.20895,1.13,1.43
2013.04.25 05:13:05.566,1.20871,1.20898,1.13,1.80
2013.04.25 05:13:05.937,1.20871,1.20898,1.13,1.43
2013.04.25 05:13:20.837,1.20867,1.20894,1.50,1.32
2013.04.25 05:13:21.176,1.20866,1.20894,1.32,1.32
2013.04.25 05:13:21.497,1.20871,1.20897,1.13,2.85
2013.04.25 05:13:25.695,1.2087,1.20897,1.13,2.85
2013.04.25 05:13:25.776,1.2087,1.20897,1.13,1.13
2013.04.25 05:13:26.112,1.20876,1.20902,1.13,2.63
2013.04.25 05:13:32.862,1.20877,1.20902,1.88,1.95
2013.04.25 05:13:39.137,1.20872,1.209,2.07,1.32
2013.04.25 05:13:39.205,1.20871,1.209,1.47,1.32
2013.04.25 05:13:43.307,1.20876,1.20902,1.13,1.95
2013.04.25 05:13:46.468,1.20865,1.20893,1.43,1.50
2013.04.25 05:13:46.536,1.20865,1.20893,1.43,1.50
2013.04.25 05:13:48.206,1.20863,1.20889,1.13,1.50
2013.04.25 05:13:48.278,1.20859,1.20889,1.35,1.50
2013.04.25 05:13:48.717,1.20859,1.20889,1.35,1.50
2013.04.25 05:13:48.908,1.20859,1.2088,1.35,1.13
2013.04.25 05:13:48.979,1.20857,1.2088,2.18,1.13
2013.04.25 05:13:49.494,1.20857,1.2088,1.50,1.13
2013.04.25 05:13:51.586,1.20857,1.20885,1.32,2.07
2013.04.25 05:13:51.728,1.20857,1.20885,1.32,1.32
2013.04.25 05:13:52.397,1.20856,1.20887,1.50,1.32
2013.04.25 05:13:59.335,1.20857,1.20887,1.50,1.32
2013.04.25 05:14:02.987,1.20857,1.20887,1.50,1.32
2013.04.25 05:14:04.266,1.20857,1.20887,1.50,1.32
2013.04.25 05:14:04.787,1.20857,1.20887,1.50,1.32
2013.04.25 05:14:07.387,1.20857,1.20888,1.50,1.32
2013.04.25 05:14:07.935,1.20856,1.20887,1.50,1.32
2013.04.25 05:14:09.718,1.20853,1.20881,1.50,1.32
2013.04.25 05:14:17.436,1.20849,1.20881,1.13,1.99
2013.04.25 05:14:26.345,1.20856,1.2088,1.50,1.32
2013.04.25 05:14:26.865,1.20854,1.2088,1.43,1.32
2013.04.25 05:14:27.615,1.2085,1.2088,1.43,1.32
2013.04.25 05:15:05.306,1.20847,1.20878,2.63,1.50
2013.04.25 05:15:06.365,1.20847,1.2088,3.38,1.32
2013.04.25 05:15:09.630,1.20847,1.20881,2.63,2.55
2013.04.25 05:15:15.785,1.20847,1.20875,1.50,1.13
2013.04.25 05:15:16.336,1.20847,1.20874,1.50,1.13
2013.04.25 05:15:17.906,1.20848,1.20879,1.20,1.88
2013.04.25 05:15:18.424,1.20848,1.20879,1.20,1.32
2013.04.25 05:15:30.886,1.20848,1.20875,1.43,1.13
2013.04.25 05:15:31.136,1.2085,1.20878,1.32,1.88
2013.04.25 05:15:42.376,1.20849,1.20879,2.07,1.32
2013.04.25 05:15:43.165,1.2085,1.20879,1.43,1.32
2013.04.25 05:15:44.326,1.20852,1.20879,1.50,1.32
2013.04.25 05:15:44.457,1.20856,1.20885,2.07,1.13
2013.04.25 05:15:44.982,1.20858,1.20885,1.43,1.13
2013.04.25 05:15:46.280,1.20858,1.20886,1.43,1.69
2013.04.25 05:15:46.830,1.20858,1.20886,1.35,1.32
2013.04.25 05:15:54.396,1.20856,1.20886,1.39,1.32
2013.04.25 05:15:54.647,1.20855,1.20881,1.50,1.13
2013.04.25 05:15:54.956,1.20853,1.2088,1.20,1.32
2013.04.25 05:16:22.717,1.20848,1.2088,1.32,1.32
2013.04.25 05:16:23.243,1.20848,1.20878,1.32,1.50
2013.04.25 05:16:32.615,1.20849,1.2088,1.50,1.32
2013.04.25 05:16:36.926,1.2085,1.20883,1.39,1.43
2013.04.25 05:16:37.357,1.20857,1.20886,1.50,1.13
2013.04.25 05:16:37.426,1.20855,1.20886,1.99,1.13
2013.04.25 05:16:37.927,1.20855,1.20885,1.99,1.32
2013.04.25 05:16:48.427,1.20855,1.20884,1.43,1.50
2013.04.25 05:16:48.968,1.20852,1.20884,2.18,1.50
2013.04.25 05:16:51.396,1.20854,1.20885,1.32,1.32
2013.04.25 05:16:51.905,1.20854,1.20885,2.07,1.32
2013.04.25 05:16:56.136,1.20854,1.20885,1.32,1.32
2013.04.25 05:16:58.166,1.20854,1.20887,2.07,1.88
2013.04.25 05:16:58.716,1.20854,1.20885,1.32,1.32
2013.04.25 05:17:08.419,1.20861,1.20888,1.32,1.43
2013.04.25 05:17:08.726,1.20861,1.20891,1.32,1.32
2013.04.25 05:17:08.916,1.2086,1.20889,1.32,1.35
2013.04.25 05:17:11.140,1.20861,1.2089,1.32,1.32
2013.04.25 05:17:11.551,1.20859,1.20888,1.13,3.60
2013.04.25 05:17:11.903,1.20861,1.2089,1.32,1.99
2013.04.25 05:17:12.042,1.20863,1.2089,1.13,1.43
2013.04.25 05:17:13.087,1.20862,1.2089,1.13,1.43
2013.04.25 05:17:13.917,1.20862,1.2089,1.13,1.43
2013.04.25 05:17:14.627,1.20858,1.2089,1.50,1.43
2013.04.25 05:17:14.769,1.20858,1.2089,2.25,1.43
2013.04.25 05:17:21.777,1.20864,1.2089,1.92,1.50
2013.04.25 05:17:21.907,1.20862,1.20888,1.88,2.10
2013.04.25 05:17:28.170,1.20855,1.20886,1.02,1.43
2013.04.25 05:17:28.297,1.20854,1.20884,1.95,1.35
2013.04.25 05:17:28.628,1.20854,1.2088,1.95,1.35
2013.04.25 05:17:29.010,1.20849,1.20879,2.14,1.43
2013.04.25 05:17:29.218,1.20851,1.20874,1.32,1.43
2013.04.25 05:17:29.606,1.20855,1.20876,1.13,1.35
2013.04.25 05:17:29.677,1.20855,1.20883,1.13,2.70
2013.04.25 05:17:29.748,1.20856,1.20885,1.32,1.35
2013.04.25 05:17:29.936,1.20856,1.20888,1.32,1.43
2013.04.25 05:17:30.010,1.20856,1.20888,1.32,1.43
2013.04.25 05:17:38.477,1.20858,1.20888,1.24,1.32
2013.04.25 05:18:00.721,1.20871,1.20896,1.88,1.50
2013.04.25 05:18:02.431,1.20871,1.209,1.32,1.13
2013.04.25 05:18:04.175,1.20871,1.209,1.32,1.13
2013.04.25 05:18:05.126,1.20871,1.209,1.32,1.13
2013.04.25 05:18:10.970,1.20868,1.20899,1.35,1.50
2013.04.25 05:18:11.100,1.20866,1.20898,1.73,1.43
2013.04.25 05:18:11.168,1.20866,1.20898,1.05,1.43
2013.04.25 05:18:11.417,1.20865,1.20894,1.13,1.43
2013.04.25 05:18:11.617,1.20865,1.20894,1.13,1.43
2013.04.25 05:18:12.518,1.20861,1.20894,1.43,1.43
2013.04.25 05:18:22.127,1.20861,1.20893,2.18,1.43
2013.04.25 05:18:22.198,1.20861,1.20893,1.43,1.43
2013.04.25 05:18:57.226,1.20858,1.20888,1.32,1.50
2013.04.25 05:19:09.866,1.20858,1.20888,1.13,1.50
2013.04.25 05:19:10.176,1.20865,1.20895,1.50,1.13
2013.04.25 05:19:10.607,1.20875,1.20895,1.13,1.13
2013.04.25 05:19:10.855,1.2087,1.20895,1.32,1.13
2013.04.25 05:19:11.585,1.2087,1.20899,1.32,1.92
2013.04.25 05:19:18.595,1.20869,1.20901,1.32,1.32
2013.04.25 05:19:18.656,1.20869,1.20901,1.32,3.04
2013.04.25 05:19:19.926,1.20869,1.20898,1.32,2.78
2013.04.25 05:19:31.346,1.20874,1.20897,1.13,1.80
2013.04.25 05:19:32.416,1.20873,1.20897,1.13,1.43
2013.04.25 05:19:36.608,1.2087,1.20898,1.32,2.78
2013.04.25 05:19:37.451,1.20871,1.20896,1.88,1.43
2013.04.25 05:19:37.537,1.20872,1.20896,1.13,1.43
2013.04.25 05:19:37.846,1.20868,1.20897,1.50,1.32
2013.04.25 05:19:37.916,1.20866,1.20897,3.30,1.32
2013.04.25 05:19:38.837,1.20871,1.20899,1.13,1.50
2013.04.25 05:19:40.676,1.20867,1.20897,2.07,1.32
2013.04.25 05:19:41.226,1.20865,1.20891,1.35,1.32
2013.04.25 05:19:41.416,1.20863,1.20891,1.02,1.32
2013.04.25 05:19:44.260,1.20862,1.20894,1.20,1.50
2013.04.25 05:19:44.626,1.20862,1.20894,1.20,2.07
2013.04.25 05:19:52.006,1.2086,1.20894,2.10,2.07
2013.04.25 05:19:58.757,1.20863,1.20894,1.24,1.50
2013.04.25 05:19:58.827,1.20863,1.20894,1.24,1.50
2013.04.25 05:19:58.897,1.20869,1.20895,1.13,1.43
2013.04.25 05:19:59.088,1.20871,1.20901,1.24,1.65
2013.04.25 05:20:02.436,1.20872,1.20901,2.18,1.65
2013.04.25 05:20:02.496,1.20872,1.20901,1.43,1.65
2013.04.25 05:20:04.947,1.20872,1.20901,2.18,1.65
2013.04.25 05:20:06.059,1.20872,1.20903,2.18,2.40
2013.04.25 05:20:06.379,1.20868,1.209,1.13,2.18
2013.04.25 05:20:22.360,1.20862,1.20894,1.62,1.32
2013.04.25 05:20:22.428,1.20862,1.20893,1.62,1.32
2013.04.25 05:20:25.420,1.20859,1.20887,1.13,1.32
2013.04.25 05:20:25.609,1.20859,1.20882,1.13,1.32
2013.04.25 05:20:26.407,1.20853,1.20882,1.58,1.32
2013.04.25 05:20:26.708,1.20848,1.20882,2.14,1.99
2013.04.25 05:20:27.638,1.20855,1.20883,1.47,1.35
2013.04.25 05:20:27.767,1.20855,1.20887,1.47,2.33
2013.04.25 05:20:28.226,1.20857,1.20889,1.58,1.69
2013.04.25 05:20:28.477,1.20859,1.20891,1.50,1.43
2013.04.25 05:20:28.917,1.20859,1.20892,1.43,1.43
2013.04.25 05:20:29.465,1.2086,1.20892,1.43,1.43
2013.04.25 05:20:31.376,1.20859,1.20892,1.43,1.43
2013.04.25 05:20:31.736,1.2086,1.20892,1.43,1.43
2013.04.25 05:20:35.149,1.2086,1.20894,1.43,1.43
2013.04.25 05:20:37.535,1.2086,1.20894,1.43,1.43
2013.04.25 05:20:37.838,1.20872,1.20898,1.13,2.85
2013.04.25 05:20:40.359,1.2087,1.20898,1.88,2.10
2013.04.25 05:20:42.737,1.2087,1.20898,1.13,1.43
2013.04.25 05:20:43.167,1.20872,1.20904,1.80,2.18
2013.04.25 05:20:43.367,1.20873,1.20904,1.92,1.50
2013.04.25 05:20:43.698,1.20879,1.20909,1.24,1.50
2013.04.25 05:20:43.767,1.20879,1.20913,1.24,1.35
2013.04.25 05:20:43.957,1.20877,1.20911,1.35,1.43
2013.04.25 05:20:44.097,1.20879,1.20913,1.80,2.10
2013.04.25 05:20:44.167,1.20879,1.20911,1.80,2.18
2013.04.25 05:20:46.607,1.20884,1.20912,1.13,1.43
2013.04.25 05:20:46.917,1.20891,1.20914,1.13,1.13
2013.04.25 05:20:47.168,1.2088,1.20912,1.80,1.43
2013.04.25 05:20:47.237,1.2088,1.20912,1.24,1.43
2013.04.25 05:20:47.311,1.2088,1.20914,1.62,1.50
2013.04.25 05:20:47.377,1.20882,1.20916,1.35,1.50
2013.04.25 05:20:47.506,1.20879,1.20914,2.37,1.43
2013.04.25 05:20:48.156,1.2088,1.20914,1.69,1.43
2013.04.25 05:20:56.657,1.20893,1.20914,1.13,1.43
2013.04.25 05:20:56.846,1.20893,1.20916,1.13,1.43
2013.04.25 05:20:57.367,1.20893,1.20919,1.13,2.18
2013.04.25 05:21:13.336,1.20894,1.20919,1.13,2.18
2013.04.25 05:21:24.428,1.20887,1.20916,1.13,1.50
2013.04.25 05:21:24.937,1.20887,1.20914,1.13,2.10
2013.04.25 05:21:25.616,1.20888,1.20914,1.13,2.10
2013.04.25 05:21:28.047,1.20888,1.20913,1.13,1.43
2013.04.25 05:21:32.295,1.20886,1.20913,1.13,1.43
2013.04.25 05:21:42.567,1.20887,1.20913,1.13,1.43
2013.04.25 05:21:48.436,1.20881,1.20911,1.13,1.43
2013.04.25 05:21:53.696,1.20881,1.20911,1.13,1.43
2013.04.25 05:21:55.720,1.20882,1.20915,1.50,1.43
2013.04.25 05:21:55.789,1.20884,1.20915,2.25,1.43
2013.04.25 05:21:55.987,1.20895,1.20926,1.13,2.18
2013.04.25 05:21:56.476,1.20889,1.20924,1.62,1.43
2013.04.25 05:21:56.546,1.20887,1.20924,2.85,1.43
2013.04.25 05:21:56.977,1.20888,1.20923,2.93,1.43
2013.04.25 05:21:57.486,1.20888,1.20923,1.43,1.43
2013.04.25 05:22:16.427,1.20887,1.20922,1.35,2.18
2013.04.25 05:22:21.347,1.20895,1.20922,1.13,2.18
2013.04.25 05:22:21.597,1.2089,1.20922,1.50,2.18
2013.04.25 05:22:22.026,1.20888,1.20922,1.43,1.43
2013.04.25 05:22:23.476,1.20887,1.20923,2.10,2.10
2013.04.25 05:22:23.755,1.20887,1.20922,2.85,1.43
2013.04.25 05:22:28.637,1.20895,1.20922,1.13,1.43
2013.04.25 05:22:34.417,1.20895,1.20925,1.13,1.43
2013.04.25 05:22:41.857,1.20895,1.20925,1.13,1.43
2013.04.25 05:22:57.668,1.20895,1.20927,1.13,1.99
2013.04.25 05:22:57.856,1.20895,1.20927,1.13,1.99
2013.04.25 05:22:58.168,1.20901,1.20929,1.32,1.13
2013.04.25 05:22:58.748,1.20901,1.20929,1.32,1.13
2013.04.25 05:22:59.058,1.20901,1.20929,1.32,1.13
2013.04.25 05:23:01.088,1.20901,1.20931,1.88,1.50
2013.04.25 05:23:02.630,1.20901,1.20931,1.32,1.50
2013.04.25 05:23:14.558,1.20903,1.20933,1.35,1.39
2013.04.25 05:23:14.976,1.20903,1.20934,1.92,2.70
2013.04.25 05:23:15.167,1.20905,1.20937,1.43,1.58
2013.04.25 05:23:15.717,1.2091,1.20942,1.43,1.43
2013.04.25 05:23:15.967,1.20913,1.20943,1.13,1.43
2013.04.25 05:23:16.550,1.20914,1.20943,1.24,1.50
2013.04.25 05:23:16.754,1.20914,1.20943,1.24,1.58
2013.04.25 05:23:17.267,1.20911,1.20938,1.35,2.07
2013.04.25 05:23:17.517,1.20908,1.20938,1.24,2.07
2013.04.25 05:23:22.626,1.20907,1.20938,1.24,1.50
2013.04.25 05:23:24.557,1.20906,1.20936,1.13,1.43
2013.04.25 05:23:26.217,1.20906,1.20936,1.13,1.43
2013.04.25 05:23:26.707,1.20906,1.20936,1.13,1.43
2013.04.25 05:23:32.516,1.20906,1.20936,1.13,1.43
2013.04.25 05:23:33.075,1.20907,1.20936,1.13,1.43
2013.04.25 05:23:33.816,1.20907,1.20936,1.13,1.43
2013.04.25 05:23:37.885,1.20907,1.20936,1.13,1.43
2013.04.25 05:23:41.427,1.20907,1.20938,1.80,1.32
2013.04.25 05:23:41.557,1.20909,1.20938,1.43,1.32
2013.04.25 05:23:41.866,1.20913,1.20941,1.43,1.13
2013.04.25 05:23:42.459,1.20914,1.20941,1.35,1.13
2013.04.25 05:23:45.005,1.20914,1.20949,1.35,3.00
2013.04.25 05:23:46.437,1.20915,1.20949,1.43,2.25
2013.04.25 05:23:51.429,1.20912,1.20943,1.13,1.50
2013.04.25 05:23:51.749,1.20912,1.20942,1.13,1.35
2013.04.25 05:23:52.329,1.2091,1.20942,1.13,1.35
2013.04.25 05:23:52.647,1.20908,1.20942,1.43,1.35
2013.04.25 05:23:52.717,1.20908,1.20942,1.43,1.35
2013.04.25 05:23:53.909,1.20911,1.20945,1.43,1.88
2013.04.25 05:23:53.978,1.20911,1.20944,1.43,1.13
2013.04.25 05:23:54.287,1.20907,1.20941,1.50,2.10
2013.04.25 05:23:56.097,1.20907,1.20937,1.50,1.35
2013.04.25 05:24:01.365,1.20908,1.20937,2.03,1.35
2013.04.25 05:24:09.456,1.20909,1.20936,1.13,1.35
2013.04.25 05:24:09.757,1.20909,1.20933,1.13,1.43
2013.04.25 05:24:22.177,1.20909,1.20933,1.13,1.99
2013.04.25 05:24:23.408,1.20908,1.20934,2.33,1.35
2013.04.25 05:24:25.878,1.2092,1.20937,1.13,1.35
2013.04.25 05:24:26.148,1.20922,1.20943,1.32,1.50
2013.04.25 05:24:26.349,1.20928,1.20952,1.13,1.95
2013.04.25 05:24:26.418,1.20926,1.20957,2.07,1.05
2013.04.25 05:24:26.608,1.20931,1.20957,1.13,1.05
2013.04.25 05:24:27.166,1.20932,1.20957,1.32,1.73
2013.04.25 05:24:27.237,1.20922,1.20953,2.18,1.50
2013.04.25 05:24:27.428,1.20931,1.2095,1.88,2.10
2013.04.25 05:24:27.559,1.20931,1.20951,1.88,1.35
2013.04.25 05:24:27.699,1.20931,1.20957,1.88,1.35
2013.04.25 05:24:27.767,1.20931,1.20958,1.88,1.43
2013.04.25 05:24:31.947,1.2094,1.20958,1.32,2.25
2013.04.25 05:24:32.137,1.20932,1.20961,2.07,1.58
2013.04.25 05:24:32.327,1.20932,1.20964,1.88,1.50
2013.04.25 05:24:32.647,1.20932,1.20959,1.88,1.43
2013.04.25 05:24:32.717,1.20929,1.20959,1.50,1.43
2013.04.25 05:24:32.856,1.20932,1.20959,1.50,1.43
2013.04.25 05:24:33.497,1.20932,1.20959,1.50,1.43
2013.04.25 05:24:33.868,1.20932,1.20959,1.58,1.43
2013.04.25 05:24:34.197,1.20929,1.20959,3.83,1.43
2013.04.25 05:24:43.127,1.2093,1.20957,1.13,1.43
2013.04.25 05:24:43.378,1.20929,1.2095,1.13,1.50
2013.04.25 05:24:43.577,1.20925,1.20948,1.50,1.58
2013.04.25 05:24:43.897,1.20925,1.20942,2.33,1.35
2013.04.25 05:24:44.662,1.20914,1.20942,3.30,1.35
2013.04.25 05:24:44.976,1.20921,1.20942,1.80,1.35
2013.04.25 05:24:46.603,1.20921,1.20946,2.18,1.35
2013.04.25 05:24:47.686,1.20925,1.20946,2.85,1.35
2013.04.25 05:24:48.245,1.20925,1.20946,1.13,1.35
2013.04.25 05:24:52.328,1.20926,1.20951,1.50,1.50
2013.04.25 05:24:52.396,1.20926,1.20952,1.50,1.35
2013.04.25 05:24:52.817,1.20921,1.20946,2.33,1.50
2013.04.25 05:24:53.190,1.20921,1.20943,2.33,1.35
2013.04.25 05:25:01.948,1.20918,1.20943,1.13,2.10
2013.04.25 05:25:13.197,1.20918,1.20944,1.13,2.18
2013.04.25 05:25:13.706,1.20918,1.20944,1.13,1.43
2013.04.25 05:25:16.937,1.20918,1.20944,1.13,1.43
2013.04.25 05:25:17.188,1.20918,1.20942,1.13,2.10
2013.04.25 05:25:17.436,1.20918,1.20946,1.13,2.10
2013.04.25 05:25:17.986,1.20918,1.2095,1.13,2.10
2013.04.25 05:25:37.987,1.20918,1.2095,1.13,1.35
2013.04.25 05:25:53.606,1.20918,1.20954,1.43,1.43
2013.04.25 05:25:55.319,1.20918,1.20954,1.43,2.18
2013.04.25 05:26:03.721,1.20918,1.20953,1.43,1.43
2013.04.25 05:26:04.059,1.20916,1.2095,2.18,1.35
2013.04.25 05:26:06.776,1.20916,1.2095,2.18,1.35
2013.04.25 05:26:07.901,1.20916,1.2095,1.80,1.35
2013.04.25 05:26:08.288,1.20918,1.20953,1.35,2.18
2013.04.25 05:26:08.615,1.2092,1.20949,1.32,1.43
2013.04.25 05:26:09.817,1.20923,1.20955,1.50,1.43
2013.04.25 05:26:10.024,1.20923,1.20954,1.50,1.35
2013.04.25 05:26:10.339,1.20923,1.20951,1.50,1.35
2013.04.25 05:26:19.627,1.20923,1.20955,1.50,1.43
2013.04.25 05:26:21.892,1.20927,1.20956,1.50,1.35
2013.04.25 05:26:29.257,1.20921,1.20954,1.43,1.43
2013.04.25 05:26:29.517,1.20919,1.20954,1.58,1.58
2013.04.25 05:26:29.847,1.20918,1.20952,2.18,1.35
2013.04.25 05:26:31.168,1.20918,1.2095,1.43,1.43
2013.04.25 05:26:31.357,1.20918,1.2095,1.80,1.43
2013.04.25 05:26:32.107,1.20918,1.20951,1.05,1.43
2013.04.25 05:26:38.887,1.20922,1.20951,1.32,1.80
2013.04.25 05:26:39.196,1.20923,1.20956,1.69,3.30
2013.04.25 05:26:39.378,1.20927,1.20956,1.43,1.13
2013.04.25 05:26:39.877,1.20927,1.20959,1.43,1.50
2013.04.25 05:26:40.840,1.20927,1.20959,2.18,1.50
2013.04.25 05:26:42.370,1.20927,1.20958,1.50,1.43
2013.04.25 05:26:42.818,1.20928,1.20959,1.32,1.50
2013.04.25 05:26:43.017,1.20929,1.20962,1.32,2.18
2013.04.25 05:26:43.610,1.20932,1.20962,1.50,1.43
2013.04.25 05:26:45.523,1.20932,1.20966,1.50,1.58
2013.04.25 05:26:46.049,1.20934,1.20967,1.43,1.28
2013.04.25 05:26:47.554,1.20934,1.20967,1.43,1.28
2013.04.25 05:26:47.751,1.20935,1.20967,2.18,1.28
2013.04.25 05:26:48.971,1.20937,1.20963,1.50,1.35
2013.04.25 05:26:58.047,1.20941,1.20968,1.50,4.73
2013.04.25 05:27:18.008,1.20936,1.20968,1.32,3.68
2013.04.25 05:27:24.095,1.20934,1.20966,2.14,1.43
2013.04.25 05:27:24.649,1.20933,1.20961,1.65,1.35
2013.04.25 05:27:27.371,1.20935,1.20961,1.32,1.43
2013.04.25 05:27:27.441,1.20935,1.20964,1.32,1.43
2013.04.25 05:27:27.638,1.20935,1.20965,1.32,1.05
2013.04.25 05:27:39.957,1.20935,1.20969,2.74,3.68
2013.04.25 05:27:51.788,1.20936,1.20968,1.32,1.50
2013.04.25 05:27:52.158,1.20937,1.20968,1.32,1.50
2013.04.25 05:28:28.211,1.20938,1.20969,1.32,2.25
2013.04.25 05:28:29.722,1.20938,1.20968,1.32,1.50
2013.04.25 05:28:30.234,1.20938,1.20969,1.32,2.25
2013.04.25 05:28:30.922,1.20937,1.20968,1.32,1.50
2013.04.25 05:28:31.590,1.20937,1.20969,1.32,2.25
2013.04.25 05:28:33.164,1.20937,1.20968,1.32,1.50
2013.04.25 05:28:49.627,1.20937,1.20968,1.32,1.80
2013.04.25 05:28:50.698,1.20937,1.20968,1.32,2.55
2013.04.25 05:28:52.208,1.20936,1.20968,1.24,1.05
2013.04.25 05:28:54.366,1.20934,1.20968,1.50,3.12
2013.04.25 05:29:00.007,1.20932,1.20968,2.82,2.29
2013.04.25 05:29:00.586,1.20932,1.20968,2.07,3.04
2013.04.25 05:29:04.996,1.20932,1.20966,1.92,1.13
2013.04.25 05:29:06.817,1.20937,1.20966,1.35,1.13
2013.04.25 05:29:07.129,1.20938,1.20966,1.32,1.13
2013.04.25 05:29:10.852,1.20938,1.20969,1.32,5.85
2013.04.25 05:29:17.478,1.20938,1.20969,1.99,4.50
2013.04.25 05:29:18.722,1.20939,1.20969,1.32,3.38
2013.04.25 05:30:01.221,1.20943,1.20968,1.13,2.25
2013.04.25 05:30:01.410,1.20943,1.20969,1.13,3.38
2013.04.25 05:30:01.597,1.20946,1.20969,1.43,2.25
2013.04.25 05:30:01.668,1.20943,1.20968,1.43,1.50
2013.04.25 05:30:01.738,1.2094,1.20968,1.35,2.25
2013.04.25 05:30:01.868,1.20937,1.20968,1.32,1.43
2013.04.25 05:30:02.177,1.20936,1.20967,1.32,1.43
2013.04.25 05:30:02.429,1.20935,1.20966,2.93,1.50
2013.04.25 05:30:02.737,1.20929,1.20959,1.50,2.10
2013.04.25 05:30:02.868,1.20929,1.20961,1.50,1.43
2013.04.25 05:30:02.937,1.20927,1.2096,2.18,1.43
2013.04.25 05:30:03.008,1.20927,1.20959,1.50,1.43
2013.04.25 05:30:03.576,1.20929,1.2096,1.50,2.10
2013.04.25 05:30:03.959,1.20927,1.20961,1.50,1.35
2013.04.25 05:30:05.463,1.20927,1.20959,1.50,2.10
2013.04.25 05:30:05.906,1.20928,1.20963,1.43,2.85
2013.04.25 05:30:06.437,1.20928,1.20962,1.43,1.43
2013.04.25 05:30:13.428,1.20928,1.20963,1.43,2.85
2013.04.25 05:30:13.979,1.20927,1.20962,1.50,1.43
2013.04.25 05:30:21.348,1.20927,1.20958,1.50,1.35
2013.04.25 05:30:23.417,1.2093,1.20958,1.65,1.35
2013.04.25 05:30:23.490,1.20937,1.20962,1.32,1.35
2013.04.25 05:30:23.617,1.20937,1.20963,1.32,1.13
2013.04.25 05:30:25.167,1.20937,1.20968,1.32,2.93
2013.04.25 05:30:29.456,1.20937,1.20968,2.74,2.93
2013.04.25 05:30:29.517,1.20938,1.20968,1.35,3.75
2013.04.25 05:30:30.556,1.20937,1.20968,1.32,1.50
2013.04.25 05:30:38.298,1.20937,1.20968,1.32,1.50
2013.04.25 05:30:40.693,1.20945,1.20968,1.32,1.50
2013.04.25 05:30:41.227,1.20945,1.20969,1.32,3.38
2013.04.25 05:30:41.839,1.20945,1.20968,1.32,1.50
2013.04.25 05:30:41.907,1.2094,1.20968,2.18,3.00
2013.04.25 05:30:42.039,1.2094,1.20968,2.18,3.00
2013.04.25 05:30:42.632,1.20942,1.20968,1.35,2.25
2013.04.25 05:30:42.837,1.20939,1.20968,1.43,3.75
2013.04.25 05:30:43.277,1.20937,1.20968,2.89,1.50
2013.04.25 05:30:51.208,1.20938,1.20968,1.24,3.00
2013.04.25 05:30:52.514,1.20937,1.20968,3.57,1.50
2013.04.25 05:30:53.087,1.20937,1.20968,2.89,3.00
2013.04.25 05:30:56.281,1.20937,1.20968,2.89,1.50
2013.04.25 05:31:02.883,1.20937,1.20968,2.55,3.75
2013.04.25 05:31:13.069,1.20937,1.20967,1.32,1.43
2013.04.25 05:31:18.447,1.20938,1.20968,1.24,1.50
2013.04.25 05:31:21.638,1.20942,1.20968,1.88,2.25
2013.04.25 05:31:22.737,1.20944,1.20969,1.24,2.25
2013.04.25 05:31:23.158,1.20944,1.20969,1.24,3.00
2013.04.25 05:31:30.090,1.20948,1.20968,1.13,1.50
2013.04.25 05:31:30.478,1.20945,1.20969,1.35,3.38
2013.04.25 05:31:30.737,1.20942,1.20969,1.95,3.38
2013.04.25 05:31:31.297,1.2094,1.20968,1.80,2.07
2013.04.25 05:31:31.357,1.2094,1.20968,1.43,2.07
2013.04.25 05:31:31.550,1.2094,1.20968,2.10,2.07
2013.04.25 05:31:31.920,1.2094,1.20968,1.43,2.07
2013.04.25 05:31:32.168,1.20941,1.20969,1.13,4.80
2013.04.25 05:31:32.628,1.20937,1.20968,2.74,2.07
2013.04.25 05:31:32.819,1.20942,1.20968,1.13,1.50
2013.04.25 05:31:33.547,1.20942,1.20968,1.88,1.50
2013.04.25 05:31:34.067,1.20942,1.20968,1.88,2.25
2013.04.25 05:31:36.387,1.20938,1.20968,1.88,1.32
2013.04.25 05:31:38.326,1.20938,1.20967,1.32,1.24
2013.04.25 05:31:39.169,1.20938,1.20964,1.32,1.35
2013.04.25 05:31:39.298,1.20938,1.20966,1.32,2.10
2013.04.25 05:31:39.380,1.20938,1.20966,1.32,1.43
2013.04.25 05:31:40.573,1.20937,1.20967,1.13,2.18
2013.04.25 05:31:47.940,1.20934,1.20966,1.43,1.43
2013.04.25 05:31:48.069,1.20934,1.20961,1.43,1.50
2013.04.25 05:31:48.409,1.20927,1.20958,1.50,2.10
2013.04.25 05:31:48.738,1.20926,1.20958,1.13,2.10
2013.04.25 05:31:49.138,1.20927,1.20958,1.50,1.35
2013.04.25 05:31:49.733,1.20927,1.20955,1.50,1.24
2013.04.25 05:31:51.147,1.20925,1.20953,1.32,1.35
2013.04.25 05:32:02.874,1.20925,1.20951,1.50,1.43
2013.04.25 05:32:03.823,1.20925,1.20947,1.50,1.35
2013.04.25 05:32:13.199,1.20919,1.20947,1.32,1.35
2013.04.25 05:32:18.818,1.20917,1.20945,1.69,1.43
2013.04.25 05:32:18.890,1.20917,1.20944,1.13,1.99
2013.04.25 05:32:18.959,1.20912,1.20943,1.69,1.35
2013.04.25 05:32:19.297,1.20912,1.20943,1.69,1.35
2013.04.25 05:32:26.244,1.20911,1.20942,1.50,1.05
2013.04.25 05:32:27.868,1.2091,1.20939,1.32,1.35
2013.04.25 05:32:38.459,1.20911,1.20943,1.99,1.43
2013.04.25 05:32:39.691,1.20911,1.20943,1.99,1.43
2013.04.25 05:32:39.817,1.20912,1.20941,1.32,1.35
2013.04.25 05:32:43.329,1.20912,1.20944,1.32,1.99
2013.04.25 05:32:50.040,1.20916,1.20948,1.50,2.10
2013.04.25 05:32:57.364,1.20918,1.20948,2.63,1.35
2013.04.25 05:32:57.669,1.20931,1.20959,1.50,3.00
2013.04.25 05:32:57.737,1.20931,1.20961,1.50,1.13
2013.04.25 05:32:58.260,1.20927,1.20958,1.50,2.74
2013.04.25 05:32:58.508,1.20932,1.20961,1.50,1.05
2013.04.25 05:32:58.639,1.20933,1.20962,1.50,1.13
2013.04.25 05:32:58.779,1.2094,1.20966,1.32,1.35
2013.04.25 05:33:03.267,1.20942,1.20966,1.50,1.35
2013.04.25 05:33:23.118,1.20942,1.20967,1.50,1.35
2013.04.25 05:33:23.643,1.20942,1.20968,1.50,1.43
2013.04.25 05:33:38.881,1.20942,1.20968,2.25,2.18
2013.04.25 05:33:40.120,1.20942,1.20965,1.50,1.35
2013.04.25 05:33:41.978,1.20942,1.20964,1.50,1.62
2013.04.25 05:33:42.294,1.20943,1.20968,1.50,1.43
2013.04.25 05:33:42.420,1.20942,1.20968,1.50,2.93
2013.04.25 05:33:42.737,1.20941,1.20966,1.50,1.35
2013.04.25 05:33:43.630,1.20942,1.20968,1.50,3.04
2013.04.25 05:33:46.599,1.20942,1.20967,1.50,1.43
2013.04.25 05:33:46.997,1.20942,1.20964,1.50,2.29
2013.04.25 05:33:53.889,1.20942,1.20966,1.50,1.43
2013.04.25 05:33:54.858,1.20942,1.20964,1.50,1.50
2013.04.25 05:33:55.179,1.20939,1.20961,1.50,1.62
2013.04.25 05:33:55.248,1.20939,1.20961,1.50,1.62
2013.04.25 05:33:56.878,1.20939,1.20961,1.50,1.50
2013.04.25 05:33:58.080,1.20939,1.20961,1.50,1.50
2013.04.25 05:33:58.589,1.20939,1.2096,1.50,1.62
2013.04.25 05:33:59.746,1.20939,1.20962,1.50,1.35
2013.04.25 05:33:59.883,1.20939,1.20966,1.50,1.50
2013.04.25 05:34:00.418,1.20939,1.20963,1.50,1.35
2013.04.25 05:34:01.099,1.20939,1.20962,1.50,1.24
2013.04.25 05:34:01.421,1.20939,1.2096,1.50,1.54
2013.04.25 05:34:01.668,1.20939,1.20965,1.50,1.35
2013.04.25 05:34:02.420,1.20939,1.20965,1.50,1.35
2013.04.25 05:34:03.638,1.20939,1.20965,1.50,1.35
2013.04.25 05:34:11.978,1.20939,1.20965,1.50,1.35
2013.04.25 05:34:13.698,1.20939,1.20965,1.50,1.35
2013.04.25 05:34:14.521,1.20939,1.20967,1.50,1.43
2013.04.25 05:34:15.079,1.20941,1.20967,1.50,1.80
2013.04.25 05:34:15.408,1.20939,1.20963,1.50,1.35
2013.04.25 05:34:15.600,1.20939,1.20966,2.25,1.99
2013.04.25 05:34:16.130,1.20939,1.20966,2.25,1.99
2013.04.25 05:34:16.260,1.20939,1.20964,2.25,2.85
2013.04.25 05:34:16.605,1.20939,1.20961,2.25,1.32
2013.04.25 05:34:17.568,1.20939,1.20961,1.50,1.50
2013.04.25 05:34:19.457,1.20939,1.20961,1.50,1.50
2013.04.25 05:34:20.252,1.20939,1.20961,1.50,1.50
2013.04.25 05:34:20.840,1.20939,1.20961,1.50,1.50
2013.04.25 05:34:21.228,1.20939,1.20963,1.50,1.43
2013.04.25 05:34:21.768,1.20939,1.20963,1.50,1.43
2013.04.25 05:34:22.309,1.20939,1.20963,1.50,1.43
2013.04.25 05:34:22.919,1.20939,1.20963,1.50,1.43
2013.04.25 05:34:23.821,1.20939,1.20963,1.50,1.43
2013.04.25 05:34:25.047,1.20939,1.20963,1.50,1.43
2013.04.25 05:34:25.982,1.20939,1.20963,1.50,1.43
2013.04.25 05:34:26.538,1.20939,1.20963,1.50,1.43
2013.04.25 05:34:29.589,1.20939,1.20963,1.50,1.43
2013.04.25 05:34:30.120,1.20939,1.20963,1.50,1.43
2013.04.25 05:34:30.658,1.20939,1.20965,1.50,1.43
2013.04.25 05:34:31.170,1.20939,1.20965,1.50,1.43
2013.04.25 05:34:33.759,1.20939,1.20965,1.50,1.43
2013.04.25 05:34:37.029,1.20939,1.20965,1.50,1.43
2013.04.25 05:34:37.537,1.20939,1.20965,1.50,1.43
2013.04.25 05:34:38.088,1.20939,1.20963,1.50,2.10
2013.04.25 05:34:38.638,1.20939,1.20963,1.50,2.10
2013.04.25 05:34:40.759,1.20939,1.20963,1.50,2.10
2013.04.25 05:34:42.409,1.20939,1.20963,1.50,2.10
2013.04.25 05:34:42.978,1.20939,1.20963,1.50,2.10
2013.04.25 05:34:44.201,1.20939,1.20963,1.50,2.10
2013.04.25 05:34:46.408,1.20939,1.20963,1.50,2.10
2013.04.25 05:34:47.022,1.20939,1.20963,1.50,2.10
2013.04.25 05:34:47.837,1.20939,1.20963,1.50,2.10
2013.04.25 05:34:48.364,1.20939,1.20963,1.50,2.10
2013.04.25 05:34:48.692,1.20942,1.20967,1.50,1.43
2013.04.25 05:34:48.761,1.20942,1.20968,1.50,3.79
2013.04.25 05:34:49.358,1.20942,1.20968,1.50,2.25
2013.04.25 05:35:00.427,1.20943,1.20969,1.50,3.00
2013.04.25 05:35:00.829,1.20941,1.20964,1.50,1.13
2013.04.25 05:35:06.089,1.20941,1.20962,1.13,1.43
2013.04.25 05:35:06.409,1.20942,1.20962,1.50,2.10
2013.04.25 05:35:08.188,1.20939,1.20962,1.50,2.10
2013.04.25 05:35:08.738,1.20942,1.20962,1.50,2.10
2013.04.25 05:35:09.648,1.20942,1.20963,1.50,1.32
2013.04.25 05:35:12.418,1.20942,1.20964,1.50,1.32
2013.04.25 05:35:16.929,1.20941,1.20967,1.50,1.50
2013.04.25 05:35:17.057,1.20942,1.20967,1.50,1.02
2013.04.25 05:35:17.708,1.20946,1.20969,1.50,3.38
2013.04.25 05:35:18.858,1.20942,1.20965,1.50,1.13
2013.04.25 05:35:19.538,1.20938,1.20964,1.50,1.32
2013.04.25 05:35:20.130,1.20941,1.20964,1.50,1.32
2013.04.25 05:35:23.258,1.20941,1.20964,1.50,1.32
2013.04.25 05:35:30.598,1.20942,1.20964,1.50,1.88
2013.04.25 05:35:34.827,1.20941,1.20968,1.50,3.08
2013.04.25 05:35:34.958,1.20941,1.20968,1.50,1.77
2013.04.25 05:35:35.147,1.20942,1.20968,1.50,2.93
2013.04.25 05:35:35.716,1.20943,1.20969,1.50,3.57
2013.04.25 05:35:37.448,1.20941,1.20969,1.50,3.57
2013.04.25 05:35:40.862,1.20943,1.20969,1.50,3.57
2013.04.25 05:35:41.380,1.20941,1.20968,1.50,1.32
2013.04.25 05:35:50.563,1.20942,1.20963,1.50,1.13
2013.04.25 05:35:51.117,1.20942,1.20964,1.50,1.32
2013.04.25 05:35:51.238,1.20942,1.20964,1.50,1.32
2013.04.25 05:35:51.642,1.20941,1.20964,1.50,1.50
2013.04.25 05:35:56.033,1.20943,1.20968,1.43,1.50
2013.04.25 05:35:56.099,1.20943,1.20965,1.43,1.13
2013.04.25 05:35:56.418,1.20941,1.20964,1.50,1.50
2013.04.25 05:35:56.757,1.20941,1.20964,1.50,1.50
2013.04.25 05:36:00.298,1.20942,1.20964,1.50,1.50
2013.04.25 05:36:01.587,1.20942,1.2096,1.50,1.13
2013.04.25 05:36:04.278,1.20941,1.20959,1.50,1.50
2013.04.25 05:36:05.868,1.20941,1.2096,1.50,1.13
2013.04.25 05:36:06.459,1.20942,1.20966,1.50,1.13
2013.04.25 05:36:10.398,1.20942,1.20968,2.82,1.50
2013.04.25 05:36:10.919,1.20942,1.20969,2.07,2.25
2013.04.25 05:36:11.625,1.20942,1.20968,2.82,1.50
2013.04.25 05:36:12.669,1.20942,1.20967,1.50,1.13
2013.04.25 05:36:13.265,1.20942,1.20965,1.50,1.32
2013.04.25 05:36:16.400,1.20942,1.20968,1.50,3.00
2013.04.25 05:36:16.530,1.20942,1.20968,2.18,3.00
2013.04.25 05:36:17.250,1.20944,1.20969,1.80,2.25
2013.04.25 05:36:22.177,1.20945,1.20969,1.32,2.25
2013.04.25 05:36:34.300,1.20946,1.20969,1.32,3.38
2013.04.25 05:36:35.259,1.20946,1.20968,1.32,1.50
2013.04.25 05:36:35.938,1.20946,1.20969,1.32,3.38
2013.04.25 05:36:36.479,1.20946,1.20968,1.32,1.50
2013.04.25 05:36:39.058,1.20946,1.20969,1.32,3.38
2013.04.25 05:36:39.688,1.20945,1.20969,1.80,4.13
2013.04.25 05:36:40.029,1.20945,1.20964,1.13,1.32
2013.04.25 05:36:51.246,1.20942,1.20966,2.07,1.32
2013.04.25 05:36:51.322,1.20942,1.20969,1.32,4.13
2013.04.25 05:36:52.419,1.20945,1.20969,1.43,3.00
2013.04.25 05:36:53.192,1.20945,1.20968,1.43,1.50
2013.04.25 05:36:53.785,1.20945,1.20969,1.43,3.00
2013.04.25 05:36:54.388,1.20945,1.20969,1.43,3.00
2013.04.25 05:36:58.020,1.20946,1.20969,1.43,4.13
2013.04.25 05:37:00.068,1.20946,1.20968,1.43,1.50
2013.04.25 05:37:00.910,1.20946,1.20969,1.43,3.00
2013.04.25 05:37:02.409,1.20946,1.20968,1.43,1.50
2013.04.25 05:37:02.919,1.20946,1.20969,1.43,3.00
2013.04.25 05:37:03.680,1.20946,1.20968,1.43,1.50
2013.04.25 05:37:05.278,1.20946,1.20969,1.43,3.00
2013.04.25 05:37:07.448,1.20946,1.20968,1.43,1.50
2013.04.25 05:37:08.812,1.20946,1.20969,1.43,3.00
2013.04.25 05:37:08.938,1.20946,1.20969,1.43,3.00
2013.04.25 05:37:09.100,1.20946,1.20969,1.43,3.00
2013.04.25 05:37:09.670,1.20946,1.20968,1.43,1.50
2013.04.25 05:37:10.215,1.20946,1.20969,1.43,3.00
2013.04.25 05:37:10.941,1.20947,1.20969,1.13,2.25
2013.04.25 05:37:11.651,1.20947,1.20969,1.13,2.25
2013.04.25 05:37:12.589,1.20947,1.20968,1.43,2.25
2013.04.25 05:37:13.147,1.20947,1.20968,1.24,2.25
2013.04.25 05:37:13.579,1.20949,1.20968,1.35,1.50
2013.04.25 05:37:13.709,1.20947,1.20968,1.80,1.50
2013.04.25 05:37:14.460,1.20947,1.20969,1.80,3.38
2013.04.25 05:37:15.171,1.20947,1.20969,1.80,3.38
2013.04.25 05:37:15.698,1.20947,1.20968,1.80,1.50
2013.04.25 05:37:16.418,1.20947,1.20969,1.80,3.38
2013.04.25 05:37:16.990,1.20947,1.20968,1.24,2.25
2013.04.25 05:37:17.369,1.20952,1.20968,1.88,2.25
2013.04.25 05:37:17.619,1.20949,1.20968,1.13,2.25
2013.04.25 05:37:17.819,1.20953,1.20968,1.13,1.50
2013.04.25 05:37:18.140,1.20949,1.20968,2.07,1.50
2013.04.25 05:37:18.209,1.20953,1.20968,1.43,1.50
2013.04.25 05:37:18.599,1.20955,1.20968,1.92,2.25
2013.04.25 05:37:19.338,1.20959,1.20968,1.13,2.25
2013.04.25 05:37:19.888,1.20955,1.20968,1.35,2.25
2013.04.25 05:37:19.960,1.20953,1.20968,1.24,2.25
2013.04.25 05:37:20.028,1.20952,1.20968,1.24,2.25
2013.04.25 05:37:20.698,1.20951,1.20969,1.13,3.38
2013.04.25 05:37:20.829,1.20948,1.20969,1.80,2.25
2013.04.25 05:37:20.961,1.20948,1.20968,1.80,1.50
2013.04.25 05:37:22.271,1.20944,1.20968,1.13,2.25
2013.04.25 05:37:29.969,1.20945,1.20965,1.13,1.32
2013.04.25 05:37:31.388,1.20942,1.20965,1.35,1.32
2013.04.25 05:37:32.538,1.20942,1.20965,1.50,1.32
2013.04.25 05:37:32.968,1.20942,1.20968,2.25,2.93
2013.04.25 05:37:33.360,1.20944,1.20969,1.35,2.25
2013.04.25 05:37:33.667,1.20948,1.20969,2.10,3.38
2013.04.25 05:37:34.189,1.20948,1.20969,2.10,3.38
2013.04.25 05:37:34.648,1.20945,1.20969,1.43,3.38
2013.04.25 05:37:35.169,1.20945,1.20968,1.43,1.50
2013.04.25 05:37:35.299,1.20948,1.20968,1.35,1.50
2013.04.25 05:37:35.882,1.20948,1.20969,1.35,3.38
2013.04.25 05:37:36.755,1.20948,1.20968,1.35,1.50
2013.04.25 05:37:37.421,1.20948,1.20969,1.35,3.38
2013.04.25 05:37:37.988,1.20948,1.20968,1.35,1.50
2013.04.25 05:37:38.679,1.20948,1.20969,1.35,3.38
2013.04.25 05:37:39.198,1.20948,1.20968,1.35,1.50
2013.04.25 05:37:39.568,1.20945,1.20968,1.43,1.50
2013.04.25 05:37:40.385,1.20945,1.20969,1.43,3.38
2013.04.25 05:37:40.941,1.20945,1.20968,1.43,1.50
2013.04.25 05:37:41.468,1.20944,1.20969,1.50,2.25
2013.04.25 05:37:45.718,1.20945,1.20968,2.10,2.25
2013.04.25 05:37:46.590,1.20944,1.20969,1.13,2.25
2013.04.25 05:37:47.449,1.20944,1.20969,2.55,3.38
2013.04.25 05:37:48.060,1.20945,1.20969,1.43,3.38
2013.04.25 05:37:48.253,1.20946,1.20969,1.43,3.38
2013.04.25 05:37:48.783,1.20946,1.20968,1.43,1.50
2013.04.25 05:37:49.418,1.20946,1.20969,1.43,3.38
2013.04.25 05:37:51.429,1.20946,1.20968,1.43,1.50
2013.04.25 05:37:51.497,1.20945,1.20968,1.43,1.50
2013.04.25 05:37:52.434,1.20945,1.20969,1.43,3.38
2013.04.25 05:37:52.519,1.20946,1.20969,1.43,3.38
2013.04.25 05:37:52.827,1.20945,1.20968,1.43,2.25
2013.04.25 05:37:52.948,1.20945,1.20968,1.43,2.25
2013.04.25 05:37:53.138,1.20944,1.20969,1.13,3.38
2013.04.25 05:37:53.697,1.20944,1.20968,2.48,2.25
2013.04.25 05:37:55.863,1.20945,1.20969,1.43,3.38
2013.04.25 05:37:56.048,1.20946,1.20968,1.43,1.50
2013.04.25 05:37:56.458,1.20949,1.20969,2.10,3.38
2013.04.25 05:37:56.890,1.20946,1.20969,1.43,3.38
2013.04.25 05:37:56.963,1.20945,1.20969,1.43,3.38
2013.04.25 05:37:57.613,1.20945,1.20968,1.43,1.50
2013.04.25 05:37:57.738,1.20945,1.20968,2.33,2.25
2013.04.25 05:37:58.569,1.20947,1.20969,2.10,2.25
2013.04.25 05:37:59.272,1.20945,1.20969,1.43,2.25
2013.04.25 05:38:02.162,1.20948,1.20968,1.35,1.50
2013.04.25 05:38:02.350,1.20945,1.20968,1.43,1.50
2013.04.25 05:38:02.853,1.20945,1.20969,1.43,3.38
2013.04.25 05:38:03.128,1.20947,1.20969,1.50,3.38
2013.04.25 05:38:03.872,1.20947,1.20968,1.43,2.25
2013.04.25 05:38:04.397,1.20948,1.20968,2.10,2.25
2013.04.25 05:38:05.778,1.20951,1.20968,2.37,2.25
2013.04.25 05:38:06.319,1.20951,1.20969,1.62,2.25
2013.04.25 05:38:06.988,1.20951,1.20968,2.18,1.50
2013.04.25 05:38:08.172,1.20951,1.20969,2.18,2.25
2013.04.25 05:38:08.512,1.20951,1.20968,2.93,1.50
2013.04.25 05:38:08.938,1.20951,1.20968,2.18,1.50
2013.04.25 05:38:09.299,1.20946,1.20968,1.28,1.50
2013.04.25 05:38:09.819,1.20946,1.20969,1.28,3.38
2013.04.25 05:38:10.359,1.20946,1.20968,1.28,1.50
2013.04.25 05:38:10.679,1.20945,1.20967,1.88,1.32
2013.04.25 05:38:11.818,1.20942,1.20967,1.50,1.32
2013.04.25 05:38:13.609,1.20945,1.20968,1.50,1.50
2013.04.25 05:38:14.179,1.20942,1.20969,1.50,3.38
2013.04.25 05:38:14.369,1.20942,1.20968,1.50,1.32
2013.04.25 05:38:14.678,1.20942,1.20967,1.50,1.32
2013.04.25 05:38:14.931,1.20942,1.20967,1.50,1.32
2013.04.25 05:38:16.758,1.20945,1.20968,1.50,1.50
2013.04.25 05:38:18.061,1.20945,1.20969,1.50,3.38
2013.04.25 05:38:18.379,1.20948,1.20968,1.43,2.25
2013.04.25 05:38:21.881,1.20948,1.20968,2.18,1.50
2013.04.25 05:38:22.388,1.20951,1.20968,2.67,1.50
2013.04.25 05:38:23.239,1.20952,1.20969,2.18,3.38
2013.04.25 05:38:25.259,1.20952,1.20968,2.18,1.50
2013.04.25 05:38:26.778,1.20952,1.20969,1.43,3.38
2013.04.25 05:38:28.208,1.20952,1.20968,1.43,1.50
2013.04.25 05:38:28.759,1.20952,1.20969,1.43,3.38
2013.04.25 05:38:30.019,1.20949,1.20969,1.43,2.25
2013.04.25 05:38:30.538,1.20948,1.20968,1.50,1.50
2013.04.25 05:38:31.679,1.20948,1.20969,1.50,3.38
2013.04.25 05:38:32.089,1.20946,1.20969,2.18,3.38
2013.04.25 05:38:32.470,1.20948,1.20969,1.50,3.38
2013.04.25 05:38:33.068,1.20948,1.20968,1.50,1.50
2013.04.25 05:38:33.703,1.20948,1.20969,1.50,3.38
2013.04.25 05:38:34.441,1.20948,1.20968,1.50,1.50
2013.04.25 05:38:38.428,1.20948,1.20968,1.50,2.25
2013.04.25 05:38:38.738,1.20948,1.20969,1.50,2.25
2013.04.25 05:38:40.170,1.20948,1.20969,1.50,3.00
2013.04.25 05:38:40.589,1.20946,1.20969,1.43,3.00
2013.04.25 05:38:41.201,1.20946,1.20968,1.43,1.50
2013.04.25 05:38:41.884,1.20946,1.20969,1.43,4.13
2013.04.25 05:38:42.447,1.20946,1.20968,1.43,1.50
2013.04.25 05:38:43.303,1.20946,1.20969,1.43,4.13
2013.04.25 05:38:43.838,1.20946,1.20968,1.43,1.50
2013.04.25 05:38:51.698,1.20946,1.20969,1.43,4.13
2013.04.25 05:38:56.243,1.20946,1.20968,1.43,1.50
2013.04.25 05:38:57.528,1.20946,1.20969,1.43,4.13
2013.04.25 05:38:58.058,1.20946,1.20968,1.43,1.50
2013.04.25 05:39:02.105,1.20946,1.20969,1.43,4.13
2013.04.25 05:39:02.688,1.20946,1.20968,1.43,1.50
2013.04.25 05:39:04.935,1.20946,1.20969,1.43,4.13
2013.04.25 05:39:05.742,1.20946,1.20968,1.43,1.50
2013.04.25 05:39:06.258,1.20946,1.20969,1.43,4.13
2013.04.25 05:39:07.019,1.20946,1.20968,1.43,1.50
2013.04.25 05:39:07.568,1.20946,1.20969,1.43,4.13
2013.04.25 05:39:08.400,1.20946,1.20968,1.43,1.50
2013.04.25 05:39:08.928,1.20946,1.20969,1.43,4.13
2013.04.25 05:39:09.418,1.20946,1.20969,1.43,4.13
2013.04.25 05:39:09.608,1.20947,1.20968,1.50,2.44
2013.04.25 05:39:10.159,1.20951,1.20968,1.35,2.25
2013.04.25 05:39:21.138,1.20953,1.20969,1.24,2.25
2013.04.25 05:39:22.129,1.20958,1.20968,1.13,2.25
2013.04.25 05:39:22.379,1.20956,1.20969,1.43,3.38
2013.04.25 05:39:22.938,1.2095,1.20968,1.35,2.25
2013.04.25 05:39:25.080,1.20953,1.20968,1.43,2.25
2013.04.25 05:39:27.790,1.20951,1.20968,1.43,1.50
2013.04.25 05:39:27.860,1.2095,1.20969,1.35,3.38
2013.04.25 05:39:28.538,1.2095,1.20968,1.35,1.50
2013.04.25 05:39:28.666,1.20951,1.20968,1.43,1.50
2013.04.25 05:39:29.201,1.20951,1.20969,1.43,3.38
2013.04.25 05:39:30.899,1.20951,1.20968,1.43,1.50
2013.04.25 05:39:32.648,1.20951,1.20969,1.43,3.38
2013.04.25 05:39:33.209,1.20951,1.20968,1.43,1.50
2013.04.25 05:39:33.738,1.20951,1.20969,1.43,3.38
2013.04.25 05:39:34.296,1.20951,1.20968,1.43,1.50
2013.04.25 05:39:35.318,1.20951,1.20969,1.43,3.38
2013.04.25 05:39:36.338,1.20951,1.20968,1.43,1.50
2013.04.25 05:39:36.660,1.20953,1.20969,1.13,3.00
2013.04.25 05:39:37.434,1.20952,1.20968,1.58,1.50
2013.04.25 05:39:37.950,1.20954,1.20969,1.13,4.13
2013.04.25 05:39:38.784,1.20954,1.20968,1.13,1.50
2013.04.25 05:39:39.400,1.20954,1.20969,1.13,4.13
2013.04.25 05:39:40.221,1.20954,1.20968,1.13,1.50
2013.04.25 05:39:40.950,1.20954,1.20969,1.13,3.38
2013.04.25 05:39:41.620,1.20954,1.20969,1.13,3.38
2013.04.25 05:39:43.171,1.20954,1.20969,1.13,3.38
2013.04.25 05:39:43.962,1.20954,1.20968,1.13,1.50
2013.04.25 05:39:44.491,1.20954,1.20969,1.13,3.38
2013.04.25 05:39:45.769,1.20954,1.20968,1.13,1.50
2013.04.25 05:39:46.620,1.20954,1.20969,1.13,3.38
2013.04.25 05:39:47.148,1.20954,1.20968,1.13,1.50
2013.04.25 05:39:47.699,1.20954,1.20969,1.13,3.38
2013.04.25 05:39:48.754,1.20954,1.20968,1.13,1.50
2013.04.25 05:39:49.798,1.20954,1.20969,1.13,3.38
2013.04.25 05:39:56.473,1.20956,1.20968,1.43,1.50
2013.04.25 05:39:58.256,1.20956,1.20969,1.43,3.38
2013.04.25 05:39:58.801,1.20956,1.20968,1.43,1.50
2013.04.25 05:39:59.908,1.20956,1.20969,1.43,1.88
2013.04.25 05:40:02.894,1.20956,1.20968,1.43,1.50
2013.04.25 05:40:04.669,1.20956,1.20969,1.43,3.38
2013.04.25 05:40:05.278,1.20956,1.20968,1.43,1.50
2013.04.25 05:40:05.839,1.20956,1.20969,1.43,4.13
2013.04.25 05:40:06.358,1.20954,1.20968,1.13,3.57
2013.04.25 05:40:07.294,1.20948,1.20964,2.70,1.13
2013.04.25 05:40:07.609,1.20948,1.20963,1.58,1.32
2013.04.25 05:40:09.180,1.20949,1.20968,1.13,2.82
2013.04.25 05:40:12.399,1.20948,1.20961,1.58,1.32
2013.04.25 05:40:17.971,1.20948,1.20968,2.33,3.49
2013.04.25 05:40:18.039,1.20948,1.20968,2.33,2.18
2013.04.25 05:40:24.458,1.20948,1.20969,1.43,2.25
2013.04.25 05:40:24.847,1.20948,1.20968,1.43,2.25
2013.04.25 05:40:34.440,1.20949,1.20968,1.50,3.00
2013.04.25 05:40:34.779,1.20948,1.20968,2.55,1.50
2013.04.25 05:40:40.359,1.20948,1.20968,1.73,1.50
2013.04.25 05:40:40.719,1.2095,1.20969,1.43,3.38
2013.04.25 05:40:43.399,1.2095,1.20968,1.43,1.50
2013.04.25 05:40:45.819,1.2095,1.20969,1.43,2.25
2013.04.25 05:40:52.530,1.2095,1.20968,1.43,1.50
2013.04.25 05:41:08.399,1.20944,1.20969,1.13,3.38
2013.04.25 05:41:08.960,1.20946,1.20969,2.18,2.25
2013.04.25 05:41:10.189,1.2095,1.20969,1.43,2.25
2013.04.25 05:41:10.729,1.20953,1.20968,1.43,1.50
2013.04.25 05:41:11.549,1.20947,1.20968,1.50,2.25
2013.04.25 05:41:16.010,1.20946,1.20969,1.50,2.25
2013.04.25 05:41:19.239,1.20945,1.20969,1.43,2.25
2013.04.25 05:41:19.742,1.20946,1.20969,1.43,3.38
2013.04.25 05:41:23.790,1.20946,1.20969,2.18,3.38
2013.04.25 05:41:32.272,1.20951,1.20969,1.43,2.25
2013.04.25 05:41:32.990,1.20946,1.20968,2.18,1.50
2013.04.25 05:41:34.278,1.20946,1.20969,2.18,2.25
2013.04.25 05:41:35.105,1.20946,1.20968,2.18,1.50
2013.04.25 05:41:35.631,1.20946,1.20969,2.18,2.25
2013.04.25 05:41:38.579,1.20947,1.20968,1.50,1.50
2013.04.25 05:41:39.286,1.20947,1.20969,1.50,3.38
2013.04.25 05:41:39.816,1.20947,1.20968,1.50,1.50
2013.04.25 05:41:40.478,1.20947,1.20969,1.50,3.38
2013.04.25 05:41:42.770,1.20947,1.20969,1.50,3.38
2013.04.25 05:41:43.619,1.20946,1.20969,1.50,2.25
2013.04.25 05:41:44.212,1.20946,1.20968,1.50,1.50
2013.04.25 05:41:45.909,1.20942,1.20968,1.50,2.25
2013.04.25 05:41:46.099,1.2094,1.20968,1.47,2.25
2013.04.25 05:41:46.169,1.2094,1.20968,2.29,2.25
2013.04.25 05:41:47.071,1.2094,1.20969,1.47,3.38
2013.04.25 05:41:50.309,1.20943,1.20969,1.43,2.25
2013.04.25 05:41:55.268,1.20941,1.20968,1.13,1.32
2013.04.25 05:42:03.520,1.20938,1.20968,2.18,1.32
2013.04.25 05:42:06.858,1.20938,1.20968,1.80,1.32
2013.04.25 05:42:07.039,1.20938,1.20968,1.43,2.82
2013.04.25 05:42:07.612,1.20938,1.20968,1.43,2.82
2013.04.25 05:42:15.341,1.20939,1.20968,2.93,3.57
2013.04.25 05:42:15.656,1.20944,1.20968,2.10,2.07
2013.04.25 05:42:16.030,1.20946,1.20968,1.43,2.07
2013.04.25 05:42:21.893,1.20946,1.20968,1.43,2.07
2013.04.25 05:42:23.569,1.20946,1.20968,1.43,2.07
2013.04.25 05:42:25.510,1.20944,1.20968,1.43,2.63
2013.04.25 05:42:25.700,1.20937,1.20968,2.70,4.80
2013.04.25 05:42:25.771,1.20937,1.20968,1.43,4.80
2013.04.25 05:42:25.838,1.20936,1.20968,1.43,4.80
2013.04.25 05:42:26.239,1.20937,1.20968,1.50,4.80
2013.04.25 05:42:28.878,1.20936,1.20967,1.43,1.32
2013.04.25 05:42:29.188,1.20936,1.20968,2.18,2.55
2013.04.25 05:42:36.160,1.20936,1.20968,1.43,3.00
2013.04.25 05:42:36.701,1.20937,1.20968,1.50,2.07
2013.04.25 05:42:42.492,1.20936,1.20968,1.43,2.07
2013.04.25 05:42:42.630,1.20933,1.20964,1.69,1.43
2013.04.25 05:42:42.940,1.20933,1.20961,1.13,1.32
2013.04.25 05:42:43.430,1.20932,1.20961,1.05,1.32
2013.04.25 05:42:43.680,1.20931,1.20964,1.43,1.43
2013.04.25 05:42:44.009,1.20932,1.20962,1.43,1.32
2013.04.25 05:42:49.729,1.20937,1.20966,1.50,1.35
2013.04.25 05:42:49.860,1.20937,1.20968,1.50,3.72
2013.04.25 05:42:49.931,1.20936,1.20968,1.43,3.00
2013.04.25 05:42:50.320,1.20936,1.20968,1.43,3.00
2013.04.25 05:42:51.911,1.20937,1.20968,1.50,1.32
2013.04.25 05:42:52.680,1.20936,1.20969,1.43,3.00
2013.04.25 05:42:59.541,1.20935,1.20968,1.35,1.50
2013.04.25 05:43:00.105,1.20936,1.20968,1.43,3.00
2013.04.25 05:43:01.514,1.20936,1.20968,1.43,2.25
2013.04.25 05:43:02.510,1.20936,1.20969,1.43,3.00
2013.04.25 05:43:04.195,1.20942,1.20968,1.32,1.50
2013.04.25 05:43:04.393,1.20938,1.20968,2.85,2.25
2013.04.25 05:43:05.939,1.2094,1.20968,1.43,1.50
2013.04.25 05:43:07.901,1.2094,1.20968,1.43,3.38
2013.04.25 05:43:08.341,1.20936,1.20968,1.50,3.60
2013.04.25 05:43:08.409,1.2094,1.20968,1.35,2.25
2013.04.25 05:43:10.110,1.20942,1.20968,1.32,2.25
2013.04.25 05:43:10.659,1.20942,1.20969,1.32,3.38
2013.04.25 05:43:11.219,1.20942,1.20968,1.32,1.50
2013.04.25 05:43:11.974,1.20942,1.20969,1.32,3.38
2013.04.25 05:43:12.980,1.20942,1.20968,1.32,1.50
2013.04.25 05:43:13.670,1.20942,1.20968,1.43,2.25
2013.04.25 05:43:14.920,1.20943,1.20968,1.43,2.25
2013.04.25 05:43:15.530,1.20943,1.20969,1.43,2.25
2013.04.25 05:43:16.940,1.20943,1.20968,1.43,2.25
2013.04.25 05:43:17.319,1.20945,1.20968,1.13,1.50
2013.04.25 05:43:17.660,1.20949,1.20968,1.43,1.50
2013.04.25 05:43:18.274,1.20948,1.20969,2.10,3.38
2013.04.25 05:43:18.603,1.2095,1.20968,1.43,1.50
2013.04.25 05:43:19.441,1.2095,1.20969,1.43,4.13
2013.04.25 05:43:19.688,1.20945,1.20969,1.43,3.00
2013.04.25 05:43:20.300,1.20948,1.20969,1.50,2.25
2013.04.25 05:43:20.939,1.20944,1.20968,2.18,2.25
2013.04.25 05:43:23.648,1.20943,1.20968,2.10,2.25
2013.04.25 05:43:24.069,1.20941,1.20969,1.43,2.25
2013.04.25 05:43:24.610,1.20942,1.20969,1.50,2.25
2013.04.25 05:43:41.382,1.20943,1.20969,1.50,2.25
2013.04.25 05:43:41.839,1.20944,1.20966,1.35,1.13
2013.04.25 05:43:41.911,1.20942,1.20964,1.62,1.32
2013.04.25 05:43:42.530,1.20943,1.20964,1.43,1.32
2013.04.25 05:43:42.660,1.20943,1.20968,1.43,1.50
2013.04.25 05:43:42.850,1.20943,1.20967,2.18,1.13
2013.04.25 05:43:43.160,1.20941,1.20965,1.43,1.32
2013.04.25 05:43:45.622,1.20942,1.20968,1.50,1.50
2013.04.25 05:43:45.869,1.20944,1.20968,2.10,3.00
2013.04.25 05:43:46.190,1.20946,1.20968,1.43,1.50
2013.04.25 05:43:47.888,1.20946,1.20968,1.43,1.88
2013.04.25 05:43:48.190,1.20941,1.20966,1.43,1.32
2013.04.25 05:43:52.441,1.20939,1.20961,1.35,1.13
2013.04.25 05:43:52.629,1.20934,1.20959,1.43,1.32
2013.04.25 05:43:52.882,1.20936,1.20959,1.50,1.32
2013.04.25 05:43:55.200,1.20941,1.20969,1.50,4.05
2013.04.25 05:43:55.328,1.20942,1.20969,2.25,2.93
2013.04.25 05:43:55.889,1.20942,1.20969,2.93,2.25
2013.04.25 05:43:56.460,1.20943,1.20969,1.32,2.25
2013.04.25 05:43:57.189,1.20943,1.20968,1.32,2.25
2013.04.25 05:43:57.973,1.20943,1.20968,1.32,2.25
2013.04.25 05:43:58.498,1.20943,1.20968,1.32,2.25
2013.04.25 05:43:59.910,1.20943,1.20968,1.32,2.25
2013.04.25 05:44:00.629,1.20943,1.20968,1.32,2.25
2013.04.25 05:44:02.710,1.20945,1.20969,1.35,3.38
2013.04.25 05:44:03.149,1.20947,1.20968,1.43,2.25
2013.04.25 05:44:03.662,1.20947,1.20968,1.43,2.25
2013.04.25 05:44:04.530,1.20947,1.20968,1.43,2.25
2013.04.25 05:44:07.179,1.20947,1.20968,1.43,3.00
2013.04.25 05:44:07.365,1.20943,1.20964,1.43,1.32
2013.04.25 05:44:07.490,1.20938,1.20964,1.50,1.32
2013.04.25 05:44:07.630,1.20937,1.20964,1.43,1.32
2013.04.25 05:44:11.445,1.20937,1.20964,1.43,1.32
2013.04.25 05:44:13.650,1.20937,1.20965,1.43,1.32
2013.04.25 05:44:15.161,1.20932,1.20964,1.05,1.43
2013.04.25 05:44:15.469,1.20932,1.20964,1.43,1.43
2013.04.25 05:44:17.179,1.20932,1.20959,1.43,1.32
2013.04.25 05:44:18.888,1.20932,1.20959,1.43,1.32
2013.04.25 05:44:36.660,1.20932,1.20961,1.43,1.13
2013.04.25 05:44:41.611,1.20936,1.20965,1.43,1.32
2013.04.25 05:44:41.799,1.20928,1.20959,1.43,1.32
2013.04.25 05:44:41.868,1.20926,1.20953,2.85,1.13
2013.04.25 05:44:42.189,1.20925,1.20951,1.13,1.32
2013.04.25 05:44:42.430,1.20925,1.20954,1.13,1.13
2013.04.25 05:44:42.561,1.20929,1.20954,1.43,1.13
2013.04.25 05:44:42.960,1.20932,1.20958,1.50,1.50
2013.04.25 05:44:43.149,1.20933,1.20958,2.10,2.25
2013.04.25 05:44:45.560,1.20933,1.20958,1.35,1.50
2013.04.25 05:44:46.820,1.20933,1.20958,1.35,2.07
2013.04.25 05:44:46.889,1.20927,1.20958,1.50,2.07
2013.04.25 05:44:46.948,1.20926,1.20958,2.10,2.07
2013.04.25 05:44:54.828,1.20927,1.20959,1.24,2.25
2013.04.25 05:44:54.888,1.20928,1.20959,1.32,2.25
2013.04.25 05:44:55.139,1.2093,1.20958,1.35,1.50
2013.04.25 05:44:55.270,1.20926,1.20958,1.43,1.50
2013.04.25 05:44:57.490,1.20929,1.20958,1.50,1.50
2013.04.25 05:44:57.620,1.20929,1.20958,1.58,1.50
2013.04.25 05:45:18.108,1.20932,1.20959,1.35,2.25
2013.04.25 05:45:22.939,1.20932,1.20958,1.35,1.32
2013.04.25 05:45:23.151,1.20928,1.20958,1.35,2.07
2013.04.25 05:45:23.639,1.20928,1.20952,1.35,1.32
2013.04.25 05:45:26.201,1.20928,1.20957,1.35,1.47
2013.04.25 05:45:26.389,1.20928,1.20952,1.35,1.32
2013.04.25 05:45:26.941,1.20928,1.20949,1.35,1.88
2013.04.25 05:45:27.251,1.20925,1.2094,1.43,1.32
2013.04.25 05:45:27.440,1.20919,1.20946,1.80,1.47
2013.04.25 05:45:27.569,1.20919,1.20943,1.80,1.13
2013.04.25 05:45:27.699,1.20916,1.20941,2.85,1.32
2013.04.25 05:45:28.442,1.20919,1.20941,1.43,1.32
2013.04.25 05:45:29.712,1.20919,1.20947,1.43,1.47
2013.04.25 05:45:29.780,1.2092,1.20948,2.33,1.69
2013.04.25 05:45:29.850,1.20926,1.20949,1.43,1.32
2013.04.25 05:45:29.920,1.20926,1.2095,1.43,1.13
2013.04.25 05:45:29.991,1.20928,1.2095,1.43,1.13
2013.04.25 05:45:30.060,1.20928,1.20957,2.10,3.00
2013.04.25 05:45:30.189,1.20931,1.20955,1.35,1.32
2013.04.25 05:45:30.379,1.2093,1.20955,1.35,1.32
2013.04.25 05:45:30.690,1.2093,1.20957,1.43,1.50
2013.04.25 05:45:30.819,1.20934,1.20957,1.43,1.50
2013.04.25 05:45:31.320,1.20932,1.20958,1.35,2.25
2013.04.25 05:45:31.390,1.20929,1.20958,1.35,2.25
2013.04.25 05:45:32.120,1.20932,1.20958,1.43,1.50
2013.04.25 05:45:32.440,1.20936,1.20959,1.35,1.50
2013.04.25 05:45:39.871,1.20936,1.20957,2.10,1.50
2013.04.25 05:45:39.940,1.20936,1.20957,2.10,1.50
2013.04.25 05:45:40.450,1.20933,1.20952,2.10,1.32
2013.04.25 05:45:40.640,1.20931,1.20952,1.35,1.32
2013.04.25 05:45:40.711,1.20929,1.20952,1.35,1.32
2013.04.25 05:45:43.419,1.20926,1.20952,2.10,1.32
2013.04.25 05:45:46.972,1.20926,1.20956,2.10,1.13
2013.04.25 05:45:48.190,1.20927,1.20957,1.99,1.13
2013.04.25 05:45:50.760,1.20928,1.20957,1.43,1.13
2013.04.25 05:45:51.268,1.20927,1.20957,1.24,1.13
2013.04.25 05:45:51.450,1.20926,1.20956,2.10,1.13
2013.04.25 05:45:54.625,1.20926,1.20956,2.10,1.13
2013.04.25 05:45:54.869,1.20926,1.20954,2.10,2.03
2013.04.25 05:45:55.179,1.20924,1.20952,1.43,1.32
2013.04.25 05:45:57.192,1.20924,1.20956,1.43,1.13
2013.04.25 05:45:57.440,1.20929,1.20957,1.99,1.13
2013.04.25 05:45:57.751,1.20935,1.20959,1.99,1.28
2013.04.25 05:45:58.398,1.20935,1.20968,1.99,3.15
2013.04.25 05:46:02.450,1.20935,1.20965,1.43,1.32
2013.04.25 05:46:02.773,1.20935,1.20967,1.43,2.07
2013.04.25 05:46:02.909,1.20932,1.20964,1.65,1.62
2013.04.25 05:46:03.099,1.20934,1.20967,1.43,1.32
2013.04.25 05:46:03.470,1.20934,1.20967,1.43,1.32
2013.04.25 05:46:04.505,1.20939,1.20967,1.50,1.43
2013.04.25 05:46:04.572,1.2094,1.20968,2.10,1.65
2013.04.25 05:46:04.940,1.2094,1.20969,2.10,4.28
2013.04.25 05:46:05.761,1.20942,1.20969,1.43,4.28
2013.04.25 05:46:07.801,1.20937,1.20968,1.43,1.65
2013.04.25 05:46:09.601,1.20938,1.20968,1.43,2.40
2013.04.25 05:46:10.372,1.20939,1.20968,1.50,1.65
2013.04.25 05:46:10.721,1.20939,1.20969,1.43,3.15
2013.04.25 05:46:10.851,1.20937,1.20968,1.43,3.15
2013.04.25 05:46:10.920,1.20936,1.20966,1.43,1.32
2013.04.25 05:46:10.993,1.20935,1.20966,1.35,1.32
2013.04.25 05:46:11.060,1.20931,1.20963,1.65,1.43
2013.04.25 05:46:11.189,1.2093,1.20964,1.13,2.85
2013.04.25 05:46:11.710,1.20934,1.20966,1.43,1.50
2013.04.25 05:46:13.719,1.20933,1.20964,2.10,1.50
2013.04.25 05:46:17.419,1.20934,1.20967,1.43,1.50
2013.04.25 05:46:20.719,1.20933,1.20966,2.10,2.25
2013.04.25 05:46:25.110,1.20934,1.20966,1.43,1.50
2013.04.25 05:46:25.419,1.20933,1.20966,2.10,2.25
2013.04.25 05:46:25.924,1.2093,1.20965,2.18,1.43
2013.04.25 05:46:28.159,1.20933,1.20966,1.50,2.18
2013.04.25 05:46:28.720,1.20934,1.20968,1.43,1.43
2013.04.25 05:46:32.958,1.20934,1.20968,2.93,1.43
2013.04.25 05:46:33.495,1.20942,1.20968,1.43,3.00
2013.04.25 05:46:49.175,1.20941,1.20968,1.35,3.00
2013.04.25 05:46:49.299,1.20945,1.20968,1.35,3.00
2013.04.25 05:46:49.661,1.20945,1.20968,1.35,3.00
2013.04.25 05:46:49.789,1.20942,1.20969,1.58,3.75
2013.04.25 05:46:54.701,1.20943,1.20964,1.43,1.47
2013.04.25 05:46:54.771,1.2094,1.20963,1.50,1.47
2013.04.25 05:46:54.840,1.20936,1.20963,1.43,1.65
2013.04.25 05:46:59.479,1.20936,1.20965,2.18,1.13
2013.04.25 05:46:59.689,1.20936,1.20964,1.43,1.47
2013.04.25 05:47:03.179,1.20937,1.20968,1.50,4.20
2013.04.25 05:47:06.319,1.20943,1.20968,1.43,3.00
2013.04.25 05:47:07.471,1.20943,1.20968,1.43,3.75
2013.04.25 05:47:07.789,1.20939,1.20965,1.05,1.50
2013.04.25 05:47:07.863,1.20939,1.20965,1.05,1.50
2013.04.25 05:47:09.090,1.20939,1.20968,1.80,3.75
2013.04.25 05:47:15.622,1.20942,1.20968,1.43,1.50
2013.04.25 05:47:16.531,1.20942,1.20969,1.43,4.13
2013.04.25 05:47:30.079,1.20942,1.20968,2.10,2.25
2013.04.25 05:47:36.273,1.20942,1.20969,2.85,4.13
2013.04.25 05:47:37.169,1.20942,1.20968,2.85,2.25
2013.04.25 05:47:38.439,1.20942,1.20969,2.85,4.13
2013.04.25 05:47:42.130,1.20942,1.20968,2.85,2.25
2013.04.25 05:47:42.644,1.20942,1.20969,2.85,4.13
2013.04.25 05:47:43.180,1.20942,1.20968,2.85,2.25
2013.04.25 05:47:44.499,1.20942,1.20969,2.85,4.13
2013.04.25 05:47:45.419,1.20942,1.20968,2.85,2.25
2013.04.25 05:47:47.023,1.20942,1.20969,2.85,4.13
2013.04.25 05:47:49.611,1.20942,1.20968,2.85,2.25
2013.04.25 05:47:50.149,1.20945,1.20968,1.35,2.25
2013.04.25 05:47:51.919,1.20945,1.20969,1.35,4.13
2013.04.25 05:47:52.480,1.20945,1.20968,1.35,2.25
2013.04.25 05:47:54.724,1.20945,1.20969,1.35,4.13
2013.04.25 05:47:55.235,1.20945,1.20968,1.35,2.25
2013.04.25 05:47:56.261,1.20945,1.20969,1.35,4.13
2013.04.25 05:47:56.830,1.20945,1.20968,1.35,2.25
2013.04.25 05:47:57.358,1.20945,1.20969,1.35,4.13
2013.04.25 05:47:57.969,1.20945,1.20968,1.35,2.25
2013.04.25 05:47:58.718,1.20945,1.20969,1.35,4.13
2013.04.25 05:47:59.614,1.20945,1.20968,1.35,2.25
2013.04.25 05:48:00.569,1.20945,1.20969,1.35,4.13
2013.04.25 05:48:01.848,1.20945,1.20968,1.35,2.25
2013.04.25 05:48:02.433,1.20945,1.20969,1.35,4.13
2013.04.25 05:48:03.239,1.20945,1.20968,1.35,2.25
2013.04.25 05:48:04.780,1.20945,1.20969,1.35,4.13
2013.04.25 05:48:07.150,1.20945,1.20968,1.35,2.25
2013.04.25 05:48:08.250,1.20945,1.20969,1.35,4.13
2013.04.25 05:48:09.252,1.20945,1.20968,1.35,2.25
2013.04.25 05:48:09.760,1.20945,1.20969,1.35,4.13
2013.04.25 05:48:10.539,1.20945,1.20968,1.35,2.25
2013.04.25 05:48:11.159,1.20945,1.20968,1.35,3.00
2013.04.25 05:48:16.454,1.20945,1.20969,1.35,3.00
2013.04.25 05:48:16.527,1.20943,1.20969,1.35,3.00
2013.04.25 05:48:16.595,1.20942,1.20969,1.92,3.00
2013.04.25 05:48:16.778,1.20945,1.20968,1.35,2.25
2013.04.25 05:48:17.542,1.20945,1.20969,1.35,3.00
2013.04.25 05:48:19.046,1.20945,1.20969,1.35,4.13
2013.04.25 05:48:19.360,1.20943,1.20968,1.35,2.82
2013.04.25 05:48:19.430,1.2094,1.20968,2.25,2.82
2013.04.25 05:48:20.593,1.2094,1.20969,2.25,4.32
2013.04.25 05:48:32.008,1.20942,1.20969,1.24,3.00
2013.04.25 05:48:32.580,1.20942,1.20968,1.24,2.25
2013.04.25 05:48:33.098,1.20942,1.20969,1.24,3.00
2013.04.25 05:48:35.106,1.20941,1.20968,1.43,1.13
2013.04.25 05:48:36.330,1.2094,1.20968,2.10,1.32
2013.04.25 05:48:45.380,1.20941,1.20968,1.35,1.69
2013.04.25 05:48:46.649,1.20941,1.20968,1.35,3.57
2013.04.25 05:48:47.914,1.20941,1.20968,1.35,3.94
2013.04.25 05:48:49.862,1.20937,1.20968,2.10,2.44
2013.04.25 05:48:50.429,1.20936,1.20968,1.99,3.12
2013.04.25 05:48:50.630,1.20936,1.20963,1.43,1.13
2013.04.25 05:48:50.941,1.20931,1.20955,1.58,1.32
2013.04.25 05:49:03.350,1.20929,1.20955,1.73,1.32
2013.04.25 05:49:12.718,1.2093,1.20962,1.24,1.32
2013.04.25 05:49:16.129,1.20929,1.20958,1.35,1.88
2013.04.25 05:49:16.489,1.20929,1.20956,2.10,1.32
2013.04.25 05:49:18.458,1.20929,1.20956,1.43,1.32
2013.04.25 05:49:18.999,1.20926,1.20956,1.80,1.32
2013.04.25 05:49:29.919,1.20924,1.20956,2.82,1.47
2013.04.25 05:49:30.650,1.20926,1.20956,1.43,1.47
2013.04.25 05:49:32.950,1.20931,1.20958,1.32,1.13
2013.04.25 05:49:34.260,1.20934,1.20958,1.43,1.13
2013.04.25 05:49:35.442,1.20937,1.20967,1.50,1.77
2013.04.25 05:49:35.510,1.20939,1.20967,1.50,1.62
2013.04.25 05:49:35.640,1.20943,1.20968,1.24,4.13
2013.04.25 05:49:35.962,1.20943,1.20968,1.99,1.13
2013.04.25 05:49:37.520,1.20946,1.20968,1.50,1.13
2013.04.25 05:49:37.940,1.20946,1.20968,1.50,1.13
2013.04.25 05:49:38.380,1.20945,1.20967,2.85,1.13
2013.04.25 05:49:38.631,1.20945,1.20968,2.85,2.25
2013.04.25 05:49:38.759,1.20945,1.20969,1.88,2.25
2013.04.25 05:49:39.131,1.20952,1.20969,2.18,2.25
2013.04.25 05:49:39.319,1.20952,1.20968,2.18,1.50
2013.04.25 05:49:40.060,1.20952,1.20968,2.18,1.50
2013.04.25 05:49:40.400,1.20952,1.20968,4.77,1.50
2013.04.25 05:49:40.929,1.20953,1.20969,1.13,3.38
2013.04.25 05:49:42.509,1.20953,1.20968,1.13,1.50
2013.04.25 05:49:43.660,1.20954,1.20969,1.50,3.38
2013.04.25 05:49:43.860,1.20954,1.20969,1.50,3.38
2013.04.25 05:49:44.200,1.20956,1.20968,1.43,2.25
2013.04.25 05:49:44.410,1.20956,1.20969,1.43,2.25
2013.04.25 05:49:44.971,1.20956,1.20969,1.43,3.38
2013.04.25 05:49:45.380,1.20956,1.20968,1.43,1.50
2013.04.25 05:49:45.569,1.20952,1.20968,1.43,1.50
2013.04.25 05:49:46.119,1.20952,1.20969,1.43,3.38
2013.04.25 05:49:46.589,1.20952,1.20968,2.18,1.50
2013.04.25 05:49:48.040,1.20952,1.20969,2.18,3.38
2013.04.25 05:49:50.886,1.20952,1.20968,2.18,1.50
2013.04.25 05:49:52.718,1.20952,1.20969,2.18,3.38
2013.04.25 05:49:53.110,1.20954,1.20969,1.13,3.38
2013.04.25 05:49:53.451,1.20958,1.20969,1.58,2.25
2013.04.25 05:49:53.999,1.20952,1.20968,1.50,2.25
2013.04.25 05:49:58.272,1.20948,1.20969,1.43,3.38
2013.04.25 05:49:58.341,1.20952,1.20969,1.50,3.38
2013.04.25 05:49:59.199,1.20946,1.20968,2.63,2.25
2013.04.25 05:49:59.439,1.20948,1.20968,1.43,2.25
2013.04.25 05:50:00.209,1.20946,1.20969,2.25,3.00
2013.04.25 05:50:00.340,1.20948,1.20969,1.43,3.00
2013.04.25 05:50:01.080,1.20946,1.20968,2.63,2.25
2013.04.25 05:50:01.329,1.20948,1.20969,1.43,4.13
2013.04.25 05:50:09.121,1.20948,1.20969,1.43,3.00
2013.04.25 05:50:09.190,1.20946,1.20968,1.43,1.50
2013.04.25 05:50:09.381,1.20944,1.20968,1.43,1.50
2013.04.25 05:50:09.451,1.20943,1.20966,2.18,1.32
2013.04.25 05:50:10.154,1.2094,1.2096,1.43,1.13
2013.04.25 05:50:10.543,1.2094,1.2096,1.43,1.13
2013.04.25 05:50:31.343,1.2094,1.20968,2.18,2.40
2013.04.25 05:50:31.471,1.20945,1.20968,1.50,1.50
2013.04.25 05:50:32.020,1.20941,1.20969,1.50,3.00
2013.04.25 05:50:33.529,1.20941,1.20968,1.50,1.50
2013.04.25 05:50:38.179,1.20941,1.20969,1.50,3.00
2013.04.25 05:50:38.729,1.20941,1.20968,1.50,1.50
2013.04.25 05:50:39.269,1.20941,1.20969,1.50,3.00
2013.04.25 05:50:40.065,1.20941,1.20967,1.50,1.13
2013.04.25 05:50:40.379,1.20937,1.20965,3.38,1.32
2013.04.25 05:50:41.809,1.20937,1.20965,1.28,1.32
2013.04.25 05:50:42.683,1.20937,1.20965,1.65,1.32
2013.04.25 05:50:51.256,1.20937,1.20965,1.50,1.47
2013.04.25 05:51:03.994,1.20932,1.20958,2.85,1.50
2013.04.25 05:51:18.548,1.20932,1.20958,2.85,1.84
2013.04.25 05:51:23.290,1.20932,1.20958,2.85,1.62
2013.04.25 05:51:24.229,1.20931,1.20961,2.63,1.09
2013.04.25 05:51:35.001,1.20933,1.20956,1.43,1.32
2013.04.25 05:51:35.200,1.20931,1.20958,1.50,1.62
2013.04.25 05:51:35.451,1.20933,1.20958,1.50,1.62
2013.04.25 05:51:57.249,1.20932,1.20962,2.25,1.50
2013.04.25 05:52:01.901,1.20937,1.20964,1.50,1.09
2013.04.25 05:52:02.114,1.20939,1.20966,2.93,1.13
2013.04.25 05:52:02.186,1.20942,1.20968,2.03,3.94
2013.04.25 05:52:02.491,1.2094,1.20968,1.05,2.25
2013.04.25 05:52:13.424,1.20938,1.20967,1.99,1.13
2013.04.25 05:52:14.201,1.20936,1.20965,1.43,1.47
2013.04.25 05:52:14.622,1.20938,1.20962,1.43,1.32
2013.04.25 05:52:14.870,1.20934,1.20962,1.50,1.32
2013.04.25 05:52:18.431,1.20937,1.20965,1.50,1.09
2013.04.25 05:52:18.990,1.20938,1.20967,1.43,1.13
2013.04.25 05:52:36.900,1.20938,1.20962,1.43,1.32
2013.04.25 05:52:37.231,1.20933,1.20961,1.43,1.13
2013.04.25 05:52:37.480,1.20933,1.20963,1.43,1.32
2013.04.25 05:52:37.610,1.20932,1.20963,4.17,1.28
2013.04.25 05:52:37.679,1.20933,1.20957,1.43,1.32
2013.04.25 05:52:38.179,1.20934,1.20959,1.50,1.09
2013.04.25 05:52:38.750,1.20934,1.20961,1.50,1.13
2013.04.25 05:52:40.865,1.20934,1.20961,1.50,1.13
2013.04.25 05:52:50.868,1.20933,1.20961,2.18,1.13
2013.04.25 05:52:57.169,1.20934,1.20961,1.43,1.13
2013.04.25 05:53:04.770,1.20935,1.20963,1.43,1.65
2013.04.25 05:53:17.208,1.20933,1.20962,1.32,1.65
2013.04.25 05:53:24.297,1.20933,1.20961,1.32,1.32
2013.04.25 05:53:56.152,1.20937,1.20962,1.13,1.43
2013.04.25 05:53:56.220,1.20937,1.20963,1.88,1.99
2013.04.25 05:54:03.831,1.20938,1.20963,1.32,1.43
2013.04.25 05:54:05.231,1.20938,1.20965,1.32,1.58
2013.04.25 05:54:10.974,1.20938,1.20966,1.32,2.55
2013.04.25 05:54:12.560,1.2094,1.20966,1.13,2.18
2013.04.25 05:54:13.083,1.20941,1.20966,1.65,1.43
2013.04.25 05:54:13.390,1.20946,1.20969,1.32,3.00
2013.04.25 05:54:16.586,1.20946,1.20968,2.07,2.25
2013.04.25 05:54:41.240,1.20942,1.20968,1.50,2.07
2013.04.25 05:54:41.311,1.20947,1.20968,1.13,3.57
2013.04.25 05:54:41.760,1.20943,1.20968,2.18,3.19
2013.04.25 05:54:41.830,1.20943,1.20968,1.43,3.19
2013.04.25 05:54:41.906,1.20943,1.20969,2.18,2.59
2013.04.25 05:54:42.091,1.20945,1.20969,1.50,2.40
2013.04.25 05:54:42.752,1.20947,1.20969,1.32,2.40
2013.04.25 05:54:44.985,1.20945,1.20969,1.32,2.40
2013.04.25 05:54:45.871,1.20945,1.20969,1.32,2.40
2013.04.25 05:54:50.682,1.20945,1.20968,1.80,3.00
2013.04.25 05:54:54.342,1.20945,1.20968,1.24,3.00
2013.04.25 05:54:57.585,1.20945,1.20968,1.99,1.50
2013.04.25 05:54:57.904,1.20951,1.20969,1.88,3.38
2013.04.25 05:54:59.832,1.20952,1.20969,1.24,3.38
2013.04.25 05:55:07.280,1.20953,1.20968,1.58,2.25
2013.04.25 05:55:27.319,1.20954,1.20968,2.10,1.50
2013.04.25 05:55:27.851,1.20954,1.20969,2.10,2.25
2013.04.25 05:55:29.082,1.20954,1.20968,2.10,1.50
2013.04.25 05:55:29.966,1.20954,1.20969,2.10,2.25
2013.04.25 05:55:30.880,1.20954,1.20968,2.10,1.50
2013.04.25 05:55:31.444,1.20954,1.20969,2.10,2.25
2013.04.25 05:55:32.173,1.20954,1.20968,2.10,1.50
2013.04.25 05:55:33.413,1.20954,1.20969,2.10,2.25
2013.04.25 05:55:34.623,1.20957,1.20969,1.88,2.25
2013.04.25 05:55:34.943,1.20957,1.20968,1.50,2.25
2013.04.25 05:55:35.261,1.20963,1.20969,1.13,1.50
2013.04.25 05:55:35.391,1.2096,1.20969,1.80,1.50
2013.04.25 05:55:35.951,1.2096,1.20968,1.88,1.50
2013.04.25 05:55:36.506,1.2096,1.20969,1.13,3.38
2013.04.25 05:55:37.025,1.2096,1.20968,1.13,1.50
2013.04.25 05:55:37.573,1.20961,1.20968,1.65,1.50
2013.04.25 05:55:41.992,1.20961,1.20969,1.65,3.38
2013.04.25 05:55:42.893,1.20961,1.20968,1.65,1.50
2013.04.25 05:55:44.704,1.20961,1.20969,1.65,3.38
2013.04.25 05:55:46.490,1.2096,1.20969,1.88,3.38
2013.04.25 05:55:47.199,1.20961,1.20969,1.65,2.25
2013.04.25 05:55:48.781,1.20961,1.20968,1.65,1.50
2013.04.25 05:55:49.400,1.20961,1.20969,1.65,2.25
2013.04.25 05:55:50.109,1.20961,1.20968,1.65,1.50
2013.04.25 05:55:50.736,1.20961,1.20969,1.65,2.25
2013.04.25 05:55:51.590,1.20961,1.20968,1.65,1.50
2013.04.25 05:55:52.786,1.20961,1.20969,1.65,2.25
2013.04.25 05:55:54.250,1.20961,1.20968,1.65,1.50
2013.04.25 05:55:56.480,1.20961,1.20969,1.65,2.25
2013.04.25 05:55:58.270,1.20961,1.20968,1.50,1.50
2013.04.25 05:55:59.551,1.20961,1.20969,1.50,2.25
2013.04.25 05:56:00.110,1.20961,1.20968,1.50,1.50
2013.04.25 05:56:01.181,1.2096,1.20969,1.50,2.25
2013.04.25 05:56:01.530,1.20953,1.20969,2.33,2.25
2013.04.25 05:56:01.600,1.20955,1.20969,1.50,2.25
2013.04.25 05:56:01.791,1.20953,1.20968,1.58,2.25
2013.04.25 05:56:02.923,1.20954,1.20969,1.65,2.25
2013.04.25 05:56:03.519,1.20954,1.20968,1.65,1.50
2013.04.25 05:56:05.160,1.20954,1.20969,1.65,2.25
2013.04.25 05:56:05.290,1.20955,1.20968,1.50,1.50
2013.04.25 05:56:05.621,1.20954,1.20968,1.65,1.50
2013.04.25 05:56:06.218,1.20954,1.20969,1.65,3.38
2013.04.25 05:56:07.081,1.20954,1.20968,1.65,1.50
2013.04.25 05:56:10.480,1.20954,1.20969,1.65,3.38
2013.04.25 05:56:12.204,1.20954,1.20968,1.65,1.50
2013.04.25 05:56:13.031,1.20954,1.20969,1.50,3.38
2013.04.25 05:56:13.361,1.20956,1.20969,1.13,3.38
2013.04.25 05:56:13.681,1.20959,1.20969,1.50,3.38
2013.04.25 05:56:16.799,1.20959,1.20968,1.50,1.50
2013.04.25 05:56:18.107,1.20959,1.20969,1.50,3.38
2013.04.25 05:56:18.672,1.20959,1.20968,1.50,1.50
2013.04.25 05:56:19.341,1.20959,1.20969,1.50,3.38
2013.04.25 05:56:19.859,1.2096,1.20969,1.13,2.76
2013.04.25 05:56:20.162,1.20964,1.20969,1.13,2.63
2013.04.25 05:56:20.480,1.20961,1.20972,1.58,2.63
2013.04.25 05:56:20.982,1.2096,1.20968,1.88,2.25
2013.04.25 05:56:21.570,1.20961,1.20969,1.65,3.38
2013.04.25 05:56:24.071,1.2096,1.20968,2.63,2.25
2013.04.25 05:56:24.431,1.20961,1.20968,1.65,2.25
2013.04.25 05:56:28.170,1.2096,1.20968,1.88,2.25
2013.04.25 05:56:37.600,1.2096,1.20969,2.25,2.25
2013.04.25 05:56:39.582,1.20961,1.20968,1.50,2.25
2013.04.25 05:56:42.140,1.20959,1.20968,2.93,2.25
2013.04.25 05:56:42.690,1.20961,1.20968,1.50,2.25
2013.04.25 05:56:46.401,1.20961,1.20968,1.50,1.50
2013.04.25 05:56:47.013,1.20963,1.20968,2.18,1.50
2013.04.25 05:56:48.370,1.20966,1.20979,2.18,1.11
2013.04.25 05:56:49.082,1.20963,1.20976,2.18,2.63
2013.04.25 05:56:49.480,1.2096,1.20972,1.05,2.63
2013.04.25 05:56:50.990,1.2096,1.20969,1.05,2.63
2013.04.25 05:56:51.795,1.2096,1.20968,1.05,1.50
2013.04.25 05:56:52.395,1.2096,1.20969,1.05,1.13
2013.04.25 05:56:53.326,1.20961,1.20972,1.05,1.13
2013.04.25 05:57:00.841,1.20964,1.20972,1.13,1.13
2013.04.25 05:57:13.743,1.20963,1.20974,2.55,1.13
2013.04.25 05:57:14.841,1.20963,1.2097,1.80,1.13
2013.04.25 05:57:14.913,1.20959,1.2097,1.35,1.88
2013.04.25 05:57:14.982,1.20958,1.2097,1.13,1.88
2013.04.25 05:57:15.231,1.20959,1.2097,1.50,1.88
2013.04.25 05:57:15.421,1.20959,1.2097,1.50,1.88
2013.04.25 05:57:16.260,1.20954,1.20969,1.32,1.88
2013.04.25 05:57:24.336,1.20958,1.2097,1.50,1.88
2013.04.25 05:57:28.541,1.20958,1.2097,1.50,1.88
2013.04.25 05:57:28.611,1.20958,1.20969,1.50,1.88
2013.04.25 05:57:28.945,1.20958,1.2097,1.50,1.88
2013.04.25 05:57:29.442,1.20958,1.20969,1.50,1.88
2013.04.25 05:57:29.634,1.20958,1.2097,1.35,1.88
2013.04.25 05:57:29.763,1.20961,1.2097,1.43,1.88
2013.04.25 05:57:30.078,1.20962,1.2097,1.50,1.88
2013.04.25 05:57:34.925,1.20962,1.20969,2.18,1.13
2013.04.25 05:57:35.454,1.20962,1.2097,1.43,1.13
2013.04.25 05:57:35.702,1.20962,1.2097,1.43,1.88
2013.04.25 05:57:36.011,1.20954,1.2097,1.58,1.88
2013.04.25 05:57:40.847,1.20954,1.2097,1.58,1.88
2013.04.25 05:57:42.061,1.20957,1.2097,1.32,1.88
2013.04.25 05:57:42.214,1.20958,1.20969,1.32,1.88
2013.04.25 05:57:42.540,1.20958,1.20969,1.43,1.88
2013.04.25 05:57:42.600,1.20959,1.20969,1.43,1.88
2013.04.25 05:57:43.150,1.20958,1.20969,1.43,1.88
2013.04.25 05:57:59.521,1.20954,1.2097,1.43,1.88
2013.04.25 05:58:00.881,1.20954,1.2097,1.43,1.88
2013.04.25 05:58:01.100,1.20954,1.2097,1.43,1.88
2013.04.25 05:58:01.602,1.20959,1.2097,1.43,1.88
2013.04.25 05:58:11.666,1.20959,1.2097,1.43,1.88
2013.04.25 05:58:12.112,1.20959,1.20969,1.43,1.88
2013.04.25 05:58:14.640,1.20954,1.2097,1.43,1.88
2013.04.25 05:58:21.065,1.20954,1.2097,1.43,1.88
2013.04.25 05:58:21.580,1.20954,1.2097,1.43,1.88
2013.04.25 05:58:40.977,1.2095,1.20969,1.32,1.88
2013.04.25 05:58:44.220,1.2095,1.2097,1.32,1.88
2013.04.25 05:58:45.571,1.20952,1.2097,1.43,1.88
2013.04.25 05:58:45.700,1.20952,1.2097,1.43,1.88
2013.04.25 05:58:46.160,1.2095,1.20968,1.35,1.50
2013.04.25 05:58:48.450,1.20952,1.2097,1.43,1.88
2013.04.25 05:58:50.958,1.20952,1.2097,1.43,1.88
2013.04.25 05:58:57.963,1.20952,1.2097,1.43,1.88
2013.04.25 05:58:58.350,1.20952,1.2097,1.43,1.88
2013.04.25 05:59:01.012,1.20952,1.2097,1.43,1.88
2013.04.25 05:59:08.432,1.20957,1.2097,1.50,1.88
2013.04.25 05:59:08.691,1.20958,1.20969,2.10,1.88
2013.04.25 05:59:08.821,1.20956,1.20969,1.35,1.88
2013.04.25 05:59:08.893,1.20956,1.20969,1.43,1.88
2013.04.25 05:59:09.152,1.20957,1.20969,1.95,1.13
2013.04.25 05:59:09.220,1.20958,1.20969,1.58,1.88
2013.04.25 05:59:09.752,1.20959,1.2097,1.50,1.88
2013.04.25 05:59:09.940,1.20957,1.2097,1.50,1.88
2013.04.25 05:59:10.012,1.20957,1.2097,1.50,1.88
2013.04.25 05:59:10.140,1.20959,1.2097,1.43,1.13
2013.04.25 05:59:10.330,1.20962,1.2097,1.43,1.13
2013.04.25 05:59:10.856,1.20966,1.20979,1.43,1.35
2013.04.25 05:59:13.409,1.20964,1.20973,1.35,1.13
2013.04.25 05:59:21.761,1.20966,1.20978,1.50,1.95
2013.04.25 05:59:22.282,1.2097,1.20978,1.35,1.95
2013.04.25 05:59:24.181,1.20971,1.20978,1.43,1.95
2013.04.25 05:59:24.521,1.20974,1.2098,1.35,1.80
2013.04.25 05:59:25.230,1.20972,1.20985,1.13,2.78
2013.04.25 05:59:26.240,1.20974,1.20998,4.65,1.50
2013.04.25 05:59:26.540,1.20974,1.21003,4.65,1.50
2013.04.25 05:59:26.660,1.20975,1.21003,1.13,5.44
2013.04.25 05:59:28.573,1.20975,1.20999,1.13,1.50
2013.04.25 05:59:29.305,1.20984,1.20999,1.13,1.50
2013.04.25 05:59:30.001,1.20986,1.21009,1.32,2.44
2013.04.25 05:59:30.508,1.20986,1.21009,1.32,1.50
2013.04.25 05:59:30.752,1.20986,1.21009,1.32,1.50
2013.04.25 05:59:30.941,1.20979,1.21006,1.24,1.50
2013.04.25 05:59:31.190,1.20979,1.21004,1.24,1.50
2013.04.25 05:59:31.500,1.2098,1.21004,1.35,1.50
2013.04.25 05:59:33.600,1.2098,1.21005,1.35,1.50
2013.04.25 05:59:35.921,1.2098,1.21005,1.35,1.50
2013.04.25 05:59:36.121,1.20978,1.21005,1.43,1.69
2013.04.25 05:59:36.312,1.2098,1.21005,1.35,1.69
2013.04.25 05:59:36.704,1.2098,1.21005,1.35,1.69
2013.04.25 05:59:37.015,1.2098,1.21005,1.35,1.50
2013.04.25 05:59:37.683,1.2098,1.21005,1.35,1.69
2013.04.25 05:59:41.400,1.2098,1.21005,1.35,1.69
2013.04.25 05:59:41.935,1.2098,1.21005,1.35,1.50
2013.04.25 05:59:43.382,1.2098,1.21005,1.35,1.50
2013.04.25 05:59:50.431,1.2098,1.21005,1.35,1.69
2013.04.25 05:59:50.962,1.2098,1.21005,1.35,1.50
2013.04.25 05:59:56.141,1.2098,1.21005,1.35,1.50
2013.04.25 05:59:56.686,1.20977,1.21005,1.35,1.69
2013.04.25 05:59:59.472,1.2098,1.21005,1.24,1.65
