2009.04.07 08:00:00.050,1.2267,1.22805,6.60,1.60
2009.04.07 08:00:00.570,1.22675,1.2281,1.60,1.60
2009.04.07 08:00:01.029,1.22675,1.2279,5.00,1.60
2009.04.07 08:00:01.539,1.2268,1.22815,1.60,1.60
2009.04.07 08:00:01.889,1.2267,1.22805,2.60,1.60
2009.04.07 08:00:03.289,1.2267,1.2279,1.20,1.60
2009.04.07 08:00:03.669,1.2267,1.22795,1.60,3.60
2009.04.07 08:00:04.029,1.2265,1.2278,4.00,1.60
2009.04.07 08:00:04.419,1.22645,1.22785,1.60,1.60
2009.04.07 08:00:10.827,1.2266,1.22775,1.20,1.60
2009.04.07 08:00:11.227,1.22675,1.2282,1.60,3.60
2009.04.07 08:00:11.577,1.22675,1.2282,1.60,1.60
2009.04.07 08:00:17.065,1.2268,1.22805,1.60,1.60
2009.04.07 08:00:17.346,1.2268,1.22795,1.60,4.00
2009.04.07 08:00:57.116,1.22675,1.2278,1.20,1.60
2009.04.07 08:01:04.464,1.2265,1.2276,1.60,1.60
2009.04.07 08:01:04.804,1.2263,1.22745,2.60,1.60
2009.04.07 08:01:05.214,1.22615,1.22745,1.60,1.60
2009.04.07 08:01:05.454,1.2261,1.2273,1.20,1.60
2009.04.07 08:01:05.924,1.22615,1.22735,1.60,4.00
2009.04.07 08:01:09.103,1.2262,1.22725,2.60,4.00
2009.04.07 08:01:09.273,1.22625,1.2276,1.60,1.60
2009.04.07 08:01:09.623,1.22635,1.22765,1.60,4.00
2009.04.07 08:01:09.743,1.22635,1.2277,1.60,1.60
2009.04.07 08:01:10.812,1.22625,1.22745,4.00,1.60
2009.04.07 08:01:11.162,1.22635,1.2276,1.60,4.00
2009.04.07 08:01:11.452,1.22645,1.2276,4.00,1.60
2009.04.07 08:01:13.272,1.22645,1.22765,4.00,1.60
2009.04.07 08:01:13.602,1.2267,1.22825,1.60,3.60
2009.04.07 08:01:13.892,1.22675,1.2283,1.60,1.60
2009.04.07 08:01:15.061,1.227,1.22835,1.60,3.60
2009.04.07 08:01:15.721,1.22695,1.2283,1.60,1.60
2009.04.07 08:01:15.841,1.227,1.22835,1.60,3.60
2009.04.07 08:01:17.291,1.22705,1.22825,1.60,2.00
2009.04.07 08:01:17.581,1.2268,1.2281,4.00,1.60
2009.04.07 08:01:20.940,1.22695,1.22795,1.00,1.60
2009.04.07 08:01:21.520,1.22695,1.228,1.00,1.60
2009.04.07 08:01:22.030,1.22695,1.22795,1.00,1.60
2009.04.07 08:01:22.969,1.22695,1.22805,1.00,1.60
2009.04.07 08:01:25.809,1.22705,1.2283,4.00,1.60
2009.04.07 08:01:31.917,1.22695,1.22815,1.00,1.60
2009.04.07 08:01:35.986,1.22695,1.22815,1.80,1.60
2009.04.07 08:01:36.446,1.22705,1.22815,4.00,1.60
2009.04.07 08:01:36.786,1.22705,1.2282,4.00,1.60
2009.04.07 08:01:43.475,1.22705,1.22825,4.00,1.60
2009.04.07 08:01:44.284,1.22705,1.2282,4.00,1.60
2009.04.07 08:01:47.693,1.22705,1.22825,4.00,1.60
2009.04.07 08:01:49.213,1.22705,1.2282,4.00,2.00
2009.04.07 08:01:49.443,1.22705,1.22805,4.00,1.60
2009.04.07 08:01:49.623,1.22695,1.22805,1.00,1.60
2009.04.07 08:01:57.171,1.22695,1.22785,1.00,1.60
2009.04.07 08:01:59.561,1.22695,1.2279,1.00,1.60
2009.04.07 08:02:00.320,1.22695,1.228,1.00,1.60
2009.04.07 08:02:04.959,1.22695,1.22795,1.00,1.60
2009.04.07 08:02:12.208,1.22695,1.228,1.00,1.60
2009.04.07 08:02:16.057,1.2269,1.228,1.60,1.60
2009.04.07 08:02:21.305,1.2269,1.22795,1.60,1.20
2009.04.07 08:02:21.815,1.2269,1.22785,1.60,1.60
2009.04.07 08:02:31.673,1.22685,1.2278,1.60,3.20
2009.04.07 08:02:43.260,1.2271,1.2278,1.60,1.60
2009.04.07 08:02:43.550,1.2272,1.2278,1.60,1.60
2009.04.07 08:02:43.780,1.22675,1.2282,3.20,1.60
2009.04.07 08:02:44.190,1.22675,1.228,1.60,1.60
2009.04.07 08:02:44.410,1.22675,1.2281,1.60,1.60
2009.04.07 08:03:13.193,1.22695,1.228,1.60,1.60
2009.04.07 08:03:13.543,1.22695,1.2282,1.60,1.60
2009.04.07 08:03:13.773,1.22685,1.22815,5.60,1.60
2009.04.07 08:03:14.003,1.22685,1.22805,4.00,1.60
2009.04.07 08:03:14.403,1.22675,1.22805,2.60,1.60
2009.04.07 08:03:16.922,1.22675,1.228,1.60,1.60
2009.04.07 08:03:17.441,1.22655,1.22785,1.20,1.60
2009.04.07 08:03:20.021,1.2267,1.2278,1.20,1.60
2009.04.07 08:03:20.521,1.2267,1.22805,1.60,1.60
2009.04.07 08:03:20.641,1.22665,1.228,1.60,1.60
2009.04.07 08:03:22.401,1.2268,1.22795,1.60,1.60
2009.04.07 08:03:22.511,1.2269,1.2282,1.60,2.00
2009.04.07 08:03:22.630,1.227,1.2282,4.00,2.00
2009.04.07 08:03:28.419,1.22705,1.22815,4.00,3.60
2009.04.07 08:03:32.498,1.22705,1.22815,4.00,1.60
2009.04.07 08:03:32.789,1.22705,1.22825,4.00,3.60
2009.04.07 08:03:33.078,1.22685,1.22815,1.60,1.60
2009.04.07 08:03:33.378,1.227,1.2281,4.00,1.60
2009.04.07 08:03:33.728,1.227,1.22815,4.00,1.60
2009.04.07 08:03:34.518,1.2268,1.22805,5.60,1.60
2009.04.07 08:04:03.551,1.22685,1.22805,5.60,3.20
2009.04.07 08:04:03.731,1.22685,1.2279,4.00,1.60
2009.04.07 08:04:03.961,1.2265,1.2279,1.60,5.60
2009.04.07 08:04:13.428,1.22675,1.22795,1.60,1.60
2009.04.07 08:04:16.577,1.22695,1.22805,1.60,5.60
2009.04.07 08:04:19.577,1.22705,1.22805,1.60,4.00
2009.04.07 08:04:19.757,1.22725,1.2284,1.60,3.60
2009.04.07 08:04:20.227,1.22725,1.2284,1.60,2.00
2009.04.07 08:04:23.716,1.22745,1.2283,1.60,2.00
2009.04.07 08:04:24.116,1.22745,1.2285,1.60,5.60
2009.04.07 08:04:24.396,1.2275,1.22855,1.60,1.60
2009.04.07 08:04:24.895,1.22755,1.2286,1.60,3.60
2009.04.07 08:04:25.115,1.22715,1.22855,3.20,3.60
2009.04.07 08:04:25.905,1.22715,1.2284,1.60,1.60
2009.04.07 08:04:26.875,1.2274,1.2284,1.60,1.60
2009.04.07 08:04:27.165,1.2274,1.2285,1.60,3.60
2009.04.07 08:04:30.734,1.2274,1.22845,1.60,1.60
2009.04.07 08:04:30.904,1.2274,1.2284,1.60,1.60
2009.04.07 08:04:34.133,1.22745,1.2284,1.60,1.60
2009.04.07 08:04:34.253,1.22745,1.2285,1.60,3.60
2009.04.07 08:04:45.221,1.22755,1.22855,1.60,2.00
2009.04.07 08:04:45.570,1.22755,1.22855,1.60,3.60
2009.04.07 08:04:48.310,1.22755,1.22855,1.60,1.60
2009.04.07 08:04:48.580,1.2276,1.22855,1.60,1.60
2009.04.07 08:04:48.800,1.2276,1.22865,1.60,1.60
2009.04.07 08:05:07.065,1.22725,1.2279,4.00,1.60
2009.04.07 08:05:07.635,1.22675,1.228,1.60,1.60
2009.04.07 08:05:07.985,1.22695,1.22795,1.60,1.60
2009.04.07 08:05:08.155,1.2267,1.2277,1.60,1.60
2009.04.07 08:05:08.375,1.22685,1.22775,1.60,5.60
2009.04.07 08:05:08.715,1.2269,1.2278,1.60,1.60
2009.04.07 08:05:09.345,1.2269,1.22785,1.60,4.80
2009.04.07 08:05:09.584,1.2269,1.2278,1.60,1.60
2009.04.07 08:05:10.404,1.2269,1.22785,1.60,4.80
2009.04.07 08:05:10.754,1.22705,1.22785,1.60,3.20
2009.04.07 08:05:11.284,1.22715,1.22785,1.60,1.60
2009.04.07 08:05:11.514,1.2272,1.22825,1.60,4.00
2009.04.07 08:05:11.684,1.2272,1.2286,1.60,3.20
2009.04.07 08:05:11.914,1.22725,1.2286,1.60,3.60
2009.04.07 08:05:16.303,1.22725,1.2285,1.60,1.60
2009.04.07 08:05:22.621,1.22725,1.22845,1.60,4.00
2009.04.07 08:05:23.501,1.22725,1.2285,1.60,1.60
2009.04.07 08:05:23.791,1.2272,1.22845,1.60,1.60
2009.04.07 08:05:24.191,1.2272,1.22845,1.60,5.60
2009.04.07 08:05:33.320,1.227,1.22835,2.60,1.60
2009.04.07 08:05:33.609,1.227,1.2282,2.60,4.00
2009.04.07 08:05:37.578,1.22705,1.22815,4.20,4.00
2009.04.07 08:05:37.808,1.22715,1.2284,1.60,5.60
2009.04.07 08:05:40.727,1.22705,1.2283,2.60,1.60
2009.04.07 08:05:41.007,1.22705,1.2282,2.60,4.00
2009.04.07 08:05:42.526,1.227,1.22815,2.60,4.00
2009.04.07 08:05:42.817,1.2271,1.22815,1.20,4.00
2009.04.07 08:05:43.047,1.22715,1.22815,1.60,4.00
2009.04.07 08:05:43.396,1.2271,1.22815,1.20,4.00
2009.04.07 08:05:43.627,1.22715,1.2284,1.60,5.60
2009.04.07 08:05:44.366,1.22715,1.2282,1.60,4.00
2009.04.07 08:05:44.536,1.22705,1.2282,2.60,4.00
2009.04.07 08:05:45.186,1.22725,1.2282,1.60,4.00
2009.04.07 08:05:45.466,1.22725,1.2287,1.60,1.60
2009.04.07 08:05:46.156,1.2272,1.22855,1.60,1.60
2009.04.07 08:05:46.396,1.22735,1.22855,5.60,1.60
2009.04.07 08:05:46.456,1.22735,1.22865,5.60,1.60
2009.04.07 08:05:48.745,1.22735,1.2284,5.60,1.60
2009.04.07 08:05:48.805,1.22735,1.2284,4.00,1.60
2009.04.07 08:05:49.165,1.22735,1.2284,1.60,1.60
2009.04.07 08:05:49.505,1.22735,1.22845,1.60,1.60
2009.04.07 08:05:49.785,1.22735,1.22855,5.60,1.60
2009.04.07 08:05:53.694,1.22735,1.22855,5.60,3.60
2009.04.07 08:05:53.984,1.22735,1.22845,5.60,1.60
2009.04.07 08:05:54.224,1.22735,1.22845,1.60,1.60
2009.04.07 08:05:57.153,1.2274,1.2284,1.60,1.60
2009.04.07 08:05:57.613,1.2274,1.22845,1.60,1.60
2009.04.07 08:06:00.392,1.22735,1.2284,1.60,1.60
2009.04.07 08:06:04.041,1.2273,1.2283,1.60,1.60
2009.04.07 08:06:04.321,1.22735,1.22825,1.60,1.60
2009.04.07 08:06:04.501,1.22735,1.22845,1.60,1.60
2009.04.07 08:06:05.701,1.2274,1.2284,1.60,1.60
2009.04.07 08:06:06.053,1.2274,1.22845,1.60,1.60
2009.04.07 08:06:14.209,1.22735,1.22845,1.60,3.20
2009.04.07 08:06:14.559,1.2275,1.2285,1.60,3.60
2009.04.07 08:06:14.889,1.22735,1.2285,1.60,3.60
2009.04.07 08:06:15.179,1.22735,1.22845,1.60,1.60
2009.04.07 08:06:18.758,1.22705,1.2283,4.00,1.60
2009.04.07 08:06:19.328,1.2269,1.2283,3.20,1.60
2009.04.07 08:06:31.025,1.22695,1.22815,7.20,1.60
2009.04.07 08:06:31.265,1.22695,1.22815,3.20,5.60
2009.04.07 08:06:32.904,1.22695,1.22815,3.20,4.00
2009.04.07 08:06:36.174,1.227,1.2282,1.60,5.60
2009.04.07 08:06:36.414,1.227,1.22815,1.60,1.60
2009.04.07 08:06:37.863,1.227,1.22815,1.60,5.60
2009.04.07 08:06:38.833,1.22715,1.22815,1.60,4.00
2009.04.07 08:06:39.223,1.22715,1.22825,1.60,1.60
2009.04.07 08:06:40.563,1.22715,1.2282,1.60,1.60
2009.04.07 08:06:40.732,1.22715,1.22815,1.60,5.60
2009.04.07 08:06:42.252,1.2272,1.22815,1.60,4.00
2009.04.07 08:06:42.772,1.22715,1.2282,1.60,1.60
2009.04.07 08:06:43.102,1.22715,1.22815,1.60,5.60
2009.04.07 08:06:43.452,1.22715,1.22835,1.60,1.60
2009.04.07 08:06:43.802,1.22715,1.22845,3.20,1.60
2009.04.07 08:06:45.642,1.2272,1.2284,1.60,1.60
2009.04.07 08:06:45.941,1.22715,1.2284,3.20,1.60
2009.04.07 08:06:46.701,1.22715,1.2284,4.20,1.60
2009.04.07 08:06:46.871,1.22725,1.22845,1.60,4.00
2009.04.07 08:06:47.091,1.22725,1.2285,1.60,1.60
2009.04.07 08:06:47.771,1.2273,1.2285,1.60,1.60
2009.04.07 08:06:48.131,1.22735,1.22855,1.60,5.60
2009.04.07 08:06:48.351,1.22735,1.22855,1.60,1.60
2009.04.07 08:06:48.801,1.22735,1.2285,1.60,1.60
2009.04.07 08:06:49.331,1.2273,1.2285,1.60,1.60
2009.04.07 08:06:49.800,1.22735,1.22855,1.60,5.60
2009.04.07 08:06:50.020,1.22735,1.22855,3.20,4.00
2009.04.07 08:06:50.240,1.22735,1.2285,1.60,1.60
2009.04.07 08:06:50.480,1.22735,1.22855,3.20,4.00
2009.04.07 08:06:50.880,1.22725,1.22845,3.20,1.60
2009.04.07 08:06:52.330,1.22725,1.22845,1.60,1.60
2009.04.07 08:06:52.799,1.22715,1.22835,1.60,1.60
2009.04.07 08:06:56.779,1.22725,1.22845,1.60,5.60
2009.04.07 08:06:57.179,1.22725,1.22845,1.60,1.60
2009.04.07 08:06:57.348,1.2273,1.2285,1.60,1.60
2009.04.07 08:06:57.728,1.2273,1.22855,1.60,1.60
2009.04.07 08:06:58.028,1.2273,1.22855,1.60,5.60
2009.04.07 08:06:58.728,1.22725,1.22845,1.60,1.60
2009.04.07 08:06:59.008,1.2272,1.22845,3.20,1.60
2009.04.07 08:07:03.267,1.22735,1.22845,1.60,1.60
2009.04.07 08:07:03.437,1.22735,1.22855,1.60,5.60
2009.04.07 08:07:03.777,1.22735,1.22855,1.60,1.60
2009.04.07 08:07:50.378,1.2274,1.22855,1.60,1.60
2009.04.07 08:08:09.431,1.2274,1.2284,1.60,1.60
2009.04.07 08:08:09.731,1.2274,1.2284,1.60,5.60
2009.04.07 08:08:38.394,1.22695,1.2282,3.20,4.00
2009.04.07 08:08:38.724,1.22695,1.2281,1.60,4.00
2009.04.07 08:08:39.464,1.22705,1.22815,1.60,4.00
2009.04.07 08:08:39.764,1.22705,1.22805,1.60,4.00
2009.04.07 08:08:40.234,1.22705,1.22815,1.60,4.00
2009.04.07 08:08:43.713,1.22725,1.22815,1.60,4.00
2009.04.07 08:08:44.063,1.22725,1.22835,1.60,3.20
2009.04.07 08:08:44.362,1.22725,1.2284,1.60,5.60
2009.04.07 08:08:44.652,1.22725,1.2282,1.60,4.00
2009.04.07 08:08:44.983,1.22715,1.2282,1.60,4.00
2009.04.07 08:08:45.832,1.2272,1.22815,1.60,4.00
2009.04.07 08:08:46.122,1.227,1.22815,1.60,4.00
2009.04.07 08:08:46.592,1.227,1.22815,3.20,4.00
2009.04.07 08:08:46.982,1.227,1.22815,1.60,4.00
2009.04.07 08:09:03.828,1.22705,1.22815,3.20,4.00
2009.04.07 08:09:04.058,1.22725,1.22815,1.60,4.00
2009.04.07 08:09:04.358,1.22725,1.22835,1.60,3.20
2009.04.07 08:09:06.007,1.2274,1.2283,1.60,3.20
2009.04.07 08:09:06.457,1.2274,1.2283,1.60,1.60
2009.04.07 08:09:06.637,1.2274,1.22835,1.60,5.60
2009.04.07 08:09:16.495,1.2274,1.2281,1.60,1.20
2009.04.07 08:09:17.345,1.22735,1.228,1.60,1.20
2009.04.07 08:09:17.684,1.22725,1.22795,1.60,1.20
2009.04.07 08:09:18.474,1.22705,1.22815,1.60,1.60
2009.04.07 08:09:18.594,1.22705,1.22795,1.60,1.60
2009.04.07 08:09:22.963,1.2271,1.22785,1.60,1.60
2009.04.07 08:09:23.453,1.22675,1.2277,1.60,1.60
2009.04.07 08:09:23.633,1.22675,1.228,1.60,1.60
2009.04.07 08:09:27.652,1.2269,1.2279,1.60,1.60
2009.04.07 08:09:27.892,1.22705,1.22795,1.60,5.60
2009.04.07 08:09:28.192,1.22685,1.22805,1.60,1.60
2009.04.07 08:09:28.482,1.22685,1.22795,1.60,4.00
2009.04.07 08:09:28.662,1.2266,1.2279,1.60,1.60
2009.04.07 08:09:29.022,1.2267,1.228,1.60,1.60
2009.04.07 08:09:42.569,1.22655,1.22775,1.20,5.60
2009.04.07 08:09:42.748,1.2265,1.22775,2.60,5.60
2009.04.07 08:09:43.428,1.2265,1.22775,2.60,1.60
2009.04.07 08:09:43.648,1.2265,1.22775,2.60,5.60
2009.04.07 08:09:43.818,1.22655,1.22775,1.60,5.60
2009.04.07 08:09:52.396,1.22665,1.22785,1.60,1.60
2009.04.07 08:09:56.715,1.22675,1.22785,1.60,1.60
2009.04.07 08:09:56.895,1.2267,1.22795,1.60,5.60
2009.04.07 08:09:57.235,1.2265,1.22785,3.20,1.60
2009.04.07 08:09:57.415,1.2265,1.2278,1.60,4.00
2009.04.07 08:09:59.594,1.2263,1.22765,2.60,1.60
2009.04.07 08:10:00.004,1.2263,1.2276,2.60,4.00
2009.04.07 08:10:00.234,1.2265,1.2278,1.60,4.00
2009.04.07 08:10:01.304,1.22635,1.2276,1.60,4.00
2009.04.07 08:10:01.604,1.2264,1.22775,1.60,1.60
2009.04.07 08:10:04.083,1.22655,1.22775,1.60,4.00
2009.04.07 08:10:04.663,1.2263,1.2276,2.60,4.00
2009.04.07 08:10:06.903,1.22635,1.22755,4.20,4.00
2009.04.07 08:10:07.133,1.2265,1.2278,1.60,4.00
2009.04.07 08:10:10.582,1.22655,1.2276,1.60,4.00
2009.04.07 08:10:10.872,1.22655,1.2278,1.60,4.00
2009.04.07 08:10:12.831,1.2265,1.22775,1.60,5.60
2009.04.07 08:10:17.320,1.2265,1.22775,1.60,6.80
2009.04.07 08:10:17.600,1.2265,1.2276,1.60,1.60
2009.04.07 08:10:17.720,1.22625,1.2276,4.20,7.20
2009.04.07 08:10:18.130,1.22625,1.2276,3.20,7.20
2009.04.07 08:10:28.617,1.22615,1.22725,1.60,1.60
2009.04.07 08:10:28.797,1.22615,1.22735,1.60,4.00
2009.04.07 08:10:29.207,1.22615,1.2274,5.60,1.60
2009.04.07 08:10:32.956,1.22625,1.2274,4.00,1.60
2009.04.07 08:10:33.656,1.22615,1.2274,5.60,1.60
2009.04.07 08:10:34.236,1.22615,1.2274,6.60,1.60
2009.04.07 08:10:34.466,1.22625,1.2275,5.60,3.20
2009.04.07 08:10:44.943,1.22625,1.22745,4.00,1.60
2009.04.07 08:10:45.573,1.22625,1.2275,5.60,3.20
2009.04.07 08:10:46.203,1.22625,1.22745,5.60,1.60
2009.04.07 08:10:46.483,1.2262,1.22745,1.60,3.20
2009.04.07 08:10:54.871,1.22615,1.2274,5.60,1.60
2009.04.07 08:10:55.091,1.22615,1.22735,4.00,1.60
2009.04.07 08:10:58.690,1.22625,1.22735,1.60,1.60
2009.04.07 08:10:58.920,1.22625,1.22745,1.60,1.60
2009.04.07 08:10:59.480,1.2261,1.22735,4.00,1.60
2009.04.07 08:11:01.249,1.22625,1.22735,1.60,1.60
2009.04.07 08:11:01.429,1.22625,1.22745,1.60,1.60
2009.04.07 08:11:01.609,1.2262,1.22735,4.00,1.60
2009.04.07 08:11:01.949,1.2261,1.22735,4.00,1.60
2009.04.07 08:11:03.219,1.2262,1.22735,1.60,1.60
2009.04.07 08:11:03.389,1.2262,1.22745,3.20,1.60
2009.04.07 08:11:03.609,1.22625,1.22745,4.00,1.60
2009.04.07 08:11:05.348,1.22615,1.2274,7.20,3.20
2009.04.07 08:11:05.629,1.22615,1.22735,1.60,5.60
2009.04.07 08:11:05.868,1.22605,1.2273,4.20,1.60
2009.04.07 08:11:08.088,1.22615,1.2273,1.60,1.60
2009.04.07 08:11:08.508,1.22615,1.2273,5.60,1.60
2009.04.07 08:11:08.678,1.22615,1.2274,7.20,3.20
2009.04.07 08:11:15.916,1.22615,1.22735,5.60,1.60
2009.04.07 08:11:16.196,1.2263,1.22735,1.60,1.60
2009.04.07 08:11:16.486,1.2263,1.2274,1.60,3.20
2009.04.07 08:11:17.185,1.2263,1.2274,1.60,1.60
2009.04.07 08:11:17.805,1.22635,1.2275,1.60,1.60
2009.04.07 08:11:18.025,1.22635,1.22745,3.20,1.60
2009.04.07 08:11:18.315,1.22635,1.22765,7.20,3.20
2009.04.07 08:11:18.725,1.2264,1.2276,1.60,1.60
2009.04.07 08:11:19.015,1.22645,1.2277,1.60,1.60
2009.04.07 08:11:20.275,1.22655,1.22775,1.60,5.60
2009.04.07 08:11:20.494,1.22655,1.22775,5.60,1.60
2009.04.07 08:11:20.945,1.22665,1.228,1.60,7.60
2009.04.07 08:11:21.344,1.22685,1.228,1.60,7.60
2009.04.07 08:11:21.515,1.22695,1.22835,1.60,3.60
2009.04.07 08:11:21.735,1.22695,1.22835,1.60,1.60
2009.04.07 08:11:21.914,1.227,1.22835,1.60,1.60
2009.04.07 08:11:22.144,1.227,1.2284,1.60,1.60
2009.04.07 08:11:22.544,1.22705,1.2284,1.60,3.60
2009.04.07 08:11:22.604,1.227,1.22825,1.60,1.60
2009.04.07 08:11:23.464,1.22695,1.2279,4.00,1.60
2009.04.07 08:11:23.524,1.22675,1.2279,1.60,1.60
2009.04.07 08:11:25.144,1.2269,1.22785,1.60,3.20
2009.04.07 08:11:25.314,1.2269,1.22785,1.60,4.40
2009.04.07 08:11:25.603,1.2268,1.22775,1.60,1.60
2009.04.07 08:11:25.903,1.22625,1.2276,1.60,1.60
2009.04.07 08:11:26.293,1.22625,1.22765,1.60,1.60
2009.04.07 08:11:27.943,1.22635,1.22755,1.20,1.60
2009.04.07 08:11:28.173,1.22635,1.22755,1.20,5.60
2009.04.07 08:11:28.583,1.2264,1.22755,1.60,4.00
2009.04.07 08:11:30.173,1.2264,1.22755,1.60,5.60
2009.04.07 08:11:31.762,1.22635,1.22755,1.60,5.60
2009.04.07 08:11:32.102,1.2266,1.2275,1.60,1.60
2009.04.07 08:11:32.502,1.2265,1.22775,4.00,2.00
2009.04.07 08:11:32.782,1.2263,1.22775,4.80,1.60
2009.04.07 08:11:33.062,1.2269,1.22775,1.60,1.60
2009.04.07 08:11:33.472,1.2267,1.2279,4.00,3.60
2009.04.07 08:11:33.892,1.22665,1.2279,1.60,3.60
2009.04.07 08:11:34.241,1.2266,1.2278,1.60,1.60
2009.04.07 08:11:37.001,1.22665,1.22775,1.60,3.60
2009.04.07 08:11:37.241,1.22665,1.2277,1.60,1.60
2009.04.07 08:11:37.571,1.22655,1.2277,4.00,1.60
2009.04.07 08:11:37.740,1.22665,1.22775,1.60,1.60
2009.04.07 08:11:38.030,1.22685,1.22775,1.60,1.60
2009.04.07 08:11:38.261,1.22685,1.22795,1.60,1.60
2009.04.07 08:11:38.880,1.2263,1.22775,7.20,1.60
2009.04.07 08:11:39.180,1.2263,1.22775,5.60,1.60
2009.04.07 08:11:40.640,1.2265,1.22775,1.60,1.60
2009.04.07 08:11:41.170,1.22645,1.2277,1.60,1.60
2009.04.07 08:11:46.718,1.2264,1.2276,1.60,3.20
2009.04.07 08:11:47.228,1.22635,1.22755,3.20,1.60
2009.04.07 08:11:47.348,1.22635,1.22755,3.20,5.60
2009.04.07 08:11:52.408,1.2265,1.22755,1.60,5.60
2009.04.07 08:11:52.517,1.2265,1.22755,1.60,4.00
2009.04.07 08:11:52.977,1.2265,1.2276,1.60,1.60
2009.04.07 08:11:57.966,1.2266,1.2276,1.60,1.60
2009.04.07 08:11:58.355,1.22675,1.2278,1.60,4.00
2009.04.07 08:11:58.586,1.22675,1.22765,1.60,1.60
2009.04.07 08:11:58.816,1.22645,1.22765,1.60,1.60
2009.04.07 08:12:00.855,1.2265,1.22755,1.60,1.60
2009.04.07 08:12:03.434,1.22665,1.2276,1.60,1.60
2009.04.07 08:12:04.534,1.2267,1.22765,1.60,1.60
2009.04.07 08:12:05.534,1.22665,1.2276,5.60,1.60
2009.04.07 08:12:06.124,1.22645,1.22765,1.60,5.00
2009.04.07 08:12:06.364,1.22645,1.22765,1.60,2.80
2009.04.07 08:12:06.983,1.2263,1.2274,4.00,1.60
2009.04.07 08:12:07.283,1.2263,1.2274,1.60,1.60
2009.04.07 08:12:08.183,1.2263,1.2273,1.60,1.60
2009.04.07 08:12:08.543,1.22625,1.2273,3.20,1.60
2009.04.07 08:12:08.833,1.22635,1.2274,5.60,1.60
2009.04.07 08:12:08.943,1.22635,1.2274,1.60,1.60
2009.04.07 08:12:09.643,1.22665,1.2275,1.60,1.60
2009.04.07 08:12:09.933,1.22665,1.22745,1.60,1.60
2009.04.07 08:12:10.233,1.2265,1.22765,4.00,1.60
2009.04.07 08:12:10.643,1.22625,1.2277,1.60,1.60
2009.04.07 08:12:10.882,1.22645,1.2277,4.00,1.60
2009.04.07 08:12:11.382,1.22655,1.2277,4.00,3.20
2009.04.07 08:12:11.682,1.2266,1.22765,1.60,1.60
2009.04.07 08:12:11.922,1.2266,1.22755,1.60,1.60
2009.04.07 08:12:12.093,1.22675,1.2278,1.60,1.60
2009.04.07 08:12:12.372,1.22675,1.22775,1.60,1.60
2009.04.07 08:12:12.712,1.2267,1.22775,1.60,1.60
2009.04.07 08:12:13.172,1.22675,1.22775,1.60,1.60
2009.04.07 08:12:17.211,1.22675,1.2277,1.60,1.60
2009.04.07 08:12:17.561,1.22675,1.22775,1.60,1.60
2009.04.07 08:12:18.651,1.22675,1.2277,1.60,1.60
2009.04.07 08:12:19.870,1.22685,1.2279,1.60,1.60
2009.04.07 08:12:21.910,1.22685,1.2278,1.60,1.60
2009.04.07 08:12:22.529,1.22685,1.2277,1.60,1.60
2009.04.07 08:12:22.940,1.22685,1.2277,1.60,3.20
2009.04.07 08:12:24.409,1.22685,1.2276,1.60,1.60
2009.04.07 08:12:24.740,1.22685,1.22785,1.60,1.60
2009.04.07 08:12:25.149,1.22675,1.22775,3.20,1.60
2009.04.07 08:12:25.669,1.22685,1.22805,1.60,7.20
2009.04.07 08:12:25.909,1.22665,1.22785,1.60,1.60
2009.04.07 08:12:26.419,1.22665,1.22805,1.60,3.20
2009.04.07 08:12:27.678,1.22665,1.2278,5.60,1.60
2009.04.07 08:12:27.899,1.22665,1.2278,1.60,1.60
2009.04.07 08:12:28.198,1.22665,1.22795,1.60,3.20
2009.04.07 08:12:28.608,1.2267,1.22795,1.60,1.60
2009.04.07 08:12:29.758,1.2268,1.2279,1.60,1.60
2009.04.07 08:12:29.988,1.2269,1.2279,4.00,1.60
2009.04.07 08:12:30.518,1.2269,1.228,4.00,1.60
2009.04.07 08:12:31.737,1.22675,1.228,1.60,1.60
2009.04.07 08:12:32.417,1.22675,1.22805,1.60,3.20
2009.04.07 08:12:35.026,1.22675,1.22795,4.00,1.60
2009.04.07 08:12:35.446,1.2267,1.22795,1.60,5.60
2009.04.07 08:12:37.986,1.22655,1.2278,7.20,1.60
2009.04.07 08:12:39.146,1.22665,1.22775,1.60,1.60
2009.04.07 08:12:39.885,1.2267,1.22775,1.60,1.60
2009.04.07 08:12:43.835,1.22665,1.22785,1.60,1.60
2009.04.07 08:12:44.454,1.22665,1.22775,1.60,1.60
2009.04.07 08:12:44.564,1.2266,1.22775,1.60,1.60
2009.04.07 08:12:45.304,1.22665,1.22775,1.60,1.60
2009.04.07 08:12:47.733,1.22685,1.22785,1.60,1.60
2009.04.07 08:12:48.143,1.2269,1.2278,1.60,1.60
2009.04.07 08:12:48.533,1.2269,1.228,1.60,1.60
2009.04.07 08:12:49.433,1.22705,1.228,1.60,1.60
2009.04.07 08:12:49.833,1.2266,1.22795,1.60,7.20
2009.04.07 08:12:55.062,1.22665,1.2278,1.60,1.60
2009.04.07 08:12:55.122,1.22675,1.2278,1.60,1.60
2009.04.07 08:12:56.301,1.22675,1.22785,1.60,1.60
2009.04.07 08:12:58.611,1.2269,1.2278,1.60,1.60
2009.04.07 08:12:59.461,1.22685,1.22785,1.60,1.60
2009.04.07 08:12:59.631,1.22695,1.22785,3.20,1.60
2009.04.07 08:12:59.970,1.227,1.2278,1.60,1.60
2009.04.07 08:13:00.260,1.227,1.228,1.60,1.60
2009.04.07 08:13:03.290,1.2271,1.22805,1.60,3.20
2009.04.07 08:13:03.640,1.2271,1.22805,3.20,1.60
2009.04.07 08:13:06.099,1.2269,1.22795,1.60,7.20
2009.04.07 08:13:06.579,1.2272,1.22795,3.20,1.60
2009.04.07 08:13:06.859,1.2272,1.22835,3.20,3.20
2009.04.07 08:13:09.048,1.22695,1.2277,4.00,1.60
2009.04.07 08:13:09.319,1.22675,1.228,1.60,4.00
2009.04.07 08:13:09.738,1.22675,1.22825,5.60,3.20
2009.04.07 08:13:12.138,1.2269,1.22825,3.20,3.20
2009.04.07 08:13:12.368,1.2269,1.22825,3.20,1.60
2009.04.07 08:13:14.557,1.2269,1.2281,3.20,1.20
2009.04.07 08:13:14.617,1.2269,1.22805,1.60,1.60
2009.04.07 08:13:14.737,1.2267,1.228,1.60,1.60
2009.04.07 08:13:15.187,1.2266,1.2279,4.00,1.60
2009.04.07 08:13:15.587,1.2266,1.22795,1.60,1.60
2009.04.07 08:13:15.817,1.22665,1.22795,5.60,1.60
2009.04.07 08:13:18.186,1.2267,1.2279,1.60,1.60
2009.04.07 08:13:18.366,1.22675,1.228,1.60,1.60
2009.04.07 08:13:21.585,1.22675,1.22795,1.60,1.60
2009.04.07 08:13:22.055,1.2264,1.22775,2.60,4.00
2009.04.07 08:13:26.574,1.2266,1.22765,1.60,4.00
2009.04.07 08:13:26.754,1.22675,1.22765,1.60,4.00
2009.04.07 08:13:27.164,1.22675,1.22805,3.20,1.60
2009.04.07 08:13:29.523,1.2268,1.22795,4.20,1.60
2009.04.07 08:13:31.353,1.2268,1.22795,1.60,1.60
2009.04.07 08:13:32.383,1.2268,1.22795,4.80,1.60
2009.04.07 08:13:32.543,1.2269,1.228,1.60,3.20
2009.04.07 08:13:34.292,1.22695,1.228,1.60,1.60
2009.04.07 08:13:34.682,1.22695,1.228,1.60,3.20
2009.04.07 08:13:37.821,1.22705,1.228,1.60,1.60
2009.04.07 08:13:38.042,1.22705,1.2281,1.60,3.20
2009.04.07 08:13:41.230,1.22695,1.228,3.20,3.20
2009.04.07 08:13:41.521,1.22695,1.228,1.60,1.60
2009.04.07 08:13:41.880,1.22695,1.228,1.60,3.20
2009.04.07 08:13:45.220,1.22695,1.228,1.60,1.60
2009.04.07 08:13:48.479,1.22685,1.2279,8.20,1.60
2009.04.07 08:13:48.719,1.227,1.2279,1.60,1.60
2009.04.07 08:13:48.959,1.2268,1.2279,1.60,1.60
2009.04.07 08:13:50.688,1.22695,1.22795,1.60,1.60
2009.04.07 08:13:53.408,1.2271,1.22805,1.60,3.20
2009.04.07 08:13:55.287,1.22725,1.22795,1.60,1.60
2009.04.07 08:13:55.877,1.22725,1.2284,1.60,2.80
2009.04.07 08:13:56.817,1.22735,1.2284,1.60,1.60
2009.04.07 08:13:59.216,1.22725,1.22825,3.20,1.60
2009.04.07 08:13:59.446,1.22725,1.22825,1.60,1.60
2009.04.07 08:13:59.677,1.22725,1.22825,1.60,5.60
2009.04.07 08:13:59.856,1.227,1.22825,3.20,7.20
2009.04.07 08:14:00.316,1.22725,1.22825,1.60,5.60
2009.04.07 08:14:00.486,1.22725,1.2283,1.60,1.60
2009.04.07 08:14:01.986,1.22735,1.22795,1.60,1.20
2009.04.07 08:14:02.155,1.22735,1.2277,1.60,1.60
2009.04.07 08:14:02.326,1.2271,1.2277,5.60,1.60
2009.04.07 08:14:02.555,1.2271,1.2278,4.00,1.60
2009.04.07 08:14:02.675,1.22675,1.22815,1.60,1.60
2009.04.07 08:14:02.846,1.22665,1.22815,1.60,3.20
2009.04.07 08:14:03.135,1.22665,1.228,1.60,1.60
2009.04.07 08:14:03.375,1.2267,1.228,1.60,1.60
2009.04.07 08:14:03.775,1.2269,1.2279,1.60,4.00
2009.04.07 08:14:04.065,1.2267,1.2279,1.60,4.00
2009.04.07 08:14:04.505,1.22665,1.2279,1.60,4.00
2009.04.07 08:14:15.283,1.22675,1.22805,1.60,1.60
2009.04.07 08:14:16.372,1.2268,1.22805,1.60,5.60
2009.04.07 08:14:17.522,1.22675,1.2279,1.60,4.00
2009.04.07 08:14:20.351,1.2267,1.22785,1.60,4.00
2009.04.07 08:14:20.641,1.2268,1.2281,1.60,5.60
2009.04.07 08:14:25.479,1.227,1.22805,1.60,5.60
2009.04.07 08:14:25.909,1.227,1.22815,1.60,1.60
2009.04.07 08:14:28.019,1.2272,1.22825,1.60,5.60
2009.04.07 08:14:28.649,1.2272,1.22825,1.60,1.60
2009.04.07 08:14:31.008,1.2272,1.22825,3.20,1.60
2009.04.07 08:14:31.418,1.2273,1.2283,1.60,1.60
2009.04.07 08:14:31.828,1.2273,1.2285,1.60,1.60
2009.04.07 08:14:32.288,1.2272,1.2284,1.60,2.00
2009.04.07 08:14:32.458,1.22715,1.22835,5.60,1.60
2009.04.07 08:14:32.678,1.22715,1.22835,4.00,1.60
2009.04.07 08:14:32.909,1.2273,1.2287,1.60,5.20
2009.04.07 08:14:33.468,1.2273,1.2287,1.60,3.60
2009.04.07 08:14:35.527,1.22735,1.22855,1.60,2.00
2009.04.07 08:14:35.877,1.2275,1.22845,1.60,2.00
2009.04.07 08:14:35.997,1.2277,1.2284,1.60,1.60
2009.04.07 08:14:36.177,1.2277,1.229,1.60,3.20
2009.04.07 08:14:36.357,1.2277,1.229,1.60,1.60
2009.04.07 08:14:36.747,1.22765,1.22885,1.60,1.60
2009.04.07 08:14:37.047,1.22775,1.22865,1.60,1.60
2009.04.07 08:14:37.227,1.22775,1.2283,1.60,1.60
2009.04.07 08:14:37.457,1.22775,1.22825,1.60,1.60
2009.04.07 08:14:37.617,1.22675,1.22825,1.60,1.60
2009.04.07 08:14:37.857,1.2267,1.22825,1.60,1.60
2009.04.07 08:14:37.976,1.22665,1.22815,1.60,1.60
2009.04.07 08:14:38.146,1.2267,1.22815,1.20,1.60
2009.04.07 08:14:38.446,1.2268,1.2283,1.60,3.20
2009.04.07 08:14:38.726,1.2271,1.22845,1.60,1.60
2009.04.07 08:14:45.895,1.2272,1.2284,1.60,1.60
2009.04.07 08:14:46.055,1.2273,1.2284,1.60,1.60
2009.04.07 08:14:46.344,1.22745,1.2288,1.60,2.00
2009.04.07 08:14:46.804,1.2274,1.2288,1.60,3.60
2009.04.07 08:14:47.824,1.22755,1.2287,1.60,1.60
2009.04.07 08:14:47.994,1.22755,1.2288,3.20,1.60
2009.04.07 08:14:48.164,1.22755,1.22875,7.20,1.60
2009.04.07 08:14:48.854,1.22755,1.2287,4.00,1.60
2009.04.07 08:14:49.024,1.2275,1.2287,3.20,1.60
2009.04.07 08:14:51.173,1.2275,1.2287,3.20,2.80
2009.04.07 08:14:51.513,1.2275,1.2286,3.20,1.60
2009.04.07 08:14:51.683,1.2275,1.2286,1.60,1.60
2009.04.07 08:14:51.903,1.2275,1.2286,3.20,1.60
2009.04.07 08:14:52.133,1.2276,1.22865,1.60,1.60
2009.04.07 08:14:56.542,1.22745,1.22855,3.20,1.60
2009.04.07 08:14:56.842,1.22745,1.22855,1.60,1.60
2009.04.07 08:14:57.112,1.22765,1.22865,1.60,4.00
2009.04.07 08:14:57.472,1.22765,1.22875,1.60,1.60
2009.04.07 08:14:58.002,1.22745,1.22825,1.60,1.60
2009.04.07 08:14:58.222,1.2272,1.22825,1.60,1.60
2009.04.07 08:14:59.131,1.2272,1.228,1.60,1.60
2009.04.07 08:15:00.351,1.2273,1.228,1.60,1.60
2009.04.07 08:15:01.171,1.22695,1.228,1.60,1.60
2009.04.07 08:15:01.751,1.227,1.2279,1.60,1.60
2009.04.07 08:15:01.921,1.22645,1.2279,4.20,7.20
2009.04.07 08:15:02.091,1.22645,1.2279,5.80,7.20
2009.04.07 08:15:02.321,1.2266,1.2279,1.60,5.60
2009.04.07 08:15:02.381,1.2266,1.2279,1.60,1.60
2009.04.07 08:15:06.020,1.2267,1.22775,3.20,1.60
2009.04.07 08:15:06.240,1.2267,1.22775,1.60,1.60
2009.04.07 08:15:08.829,1.2267,1.22785,1.60,5.60
2009.04.07 08:15:09.049,1.2267,1.22785,1.60,1.60
2009.04.07 08:15:09.339,1.2267,1.22795,4.20,3.20
2009.04.07 08:15:09.669,1.22685,1.2282,1.60,1.60
2009.04.07 08:15:12.828,1.2269,1.2281,1.60,2.00
2009.04.07 08:15:13.108,1.22685,1.22805,4.00,1.60
2009.04.07 08:15:14.008,1.22685,1.22795,4.00,1.60
2009.04.07 08:15:14.408,1.22665,1.22795,1.60,1.60
2009.04.07 08:15:14.698,1.2269,1.22795,1.60,1.60
2009.04.07 08:15:14.978,1.22695,1.2284,1.60,3.20
2009.04.07 08:15:15.258,1.22695,1.2284,5.60,3.20
2009.04.07 08:15:16.807,1.22705,1.2283,5.60,5.20
2009.04.07 08:15:18.297,1.22705,1.22805,5.60,1.60
2009.04.07 08:15:18.647,1.22705,1.22805,4.00,1.60
2009.04.07 08:15:18.937,1.227,1.22805,1.60,1.60
2009.04.07 08:15:21.186,1.2269,1.22785,1.60,1.60
2009.04.07 08:15:21.636,1.2269,1.22785,1.60,1.60
2009.04.07 08:15:23.136,1.22695,1.22805,1.60,1.60
2009.04.07 08:15:24.275,1.22695,1.2281,1.60,1.60
2009.04.07 08:15:24.505,1.22705,1.2282,4.00,3.20
2009.04.07 08:15:28.334,1.22705,1.2282,5.60,3.20
2009.04.07 08:15:28.614,1.22715,1.2282,1.60,1.60
2009.04.07 08:15:30.044,1.22705,1.22815,4.00,1.60
2009.04.07 08:15:30.454,1.22685,1.22815,1.60,5.60
2009.04.07 08:15:32.533,1.2269,1.22815,3.20,5.60
2009.04.07 08:15:32.883,1.227,1.22815,1.60,7.20
2009.04.07 08:15:33.283,1.227,1.22815,1.60,3.20
2009.04.07 08:15:33.403,1.227,1.22815,1.60,1.60
2009.04.07 08:15:42.741,1.2268,1.2278,1.60,1.60
2009.04.07 08:15:43.201,1.22675,1.228,3.20,7.20
2009.04.07 08:15:43.251,1.22685,1.2278,1.60,1.60
2009.04.07 08:15:43.780,1.2266,1.2278,1.60,5.60
2009.04.07 08:15:44.171,1.2265,1.2278,4.20,5.60
2009.04.07 08:15:46.180,1.22665,1.22775,1.20,5.60
2009.04.07 08:15:46.580,1.22665,1.2278,1.20,1.60
2009.04.07 08:15:46.810,1.2267,1.22785,1.60,1.60
2009.04.07 08:15:46.990,1.2267,1.2279,1.60,1.60
2009.04.07 08:15:48.690,1.22675,1.22795,1.60,1.60
2009.04.07 08:15:49.169,1.2267,1.22795,1.60,3.20
2009.04.07 08:15:49.449,1.2267,1.22795,1.60,7.20
2009.04.07 08:15:51.619,1.22675,1.22795,1.60,5.60
2009.04.07 08:15:52.329,1.2268,1.22795,1.60,5.60
2009.04.07 08:15:52.778,1.22675,1.22795,1.60,5.60
2009.04.07 08:15:54.108,1.22655,1.2277,1.60,1.60
2009.04.07 08:15:55.408,1.22675,1.22755,1.60,1.60
2009.04.07 08:15:55.768,1.22695,1.2278,1.60,7.20
2009.04.07 08:15:56.058,1.22695,1.228,1.60,1.60
2009.04.07 08:15:58.017,1.2269,1.22785,1.60,1.60
2009.04.07 08:16:04.656,1.2269,1.22765,1.60,1.60
2009.04.07 08:16:05.066,1.22635,1.22765,3.20,1.60
2009.04.07 08:16:05.575,1.22635,1.22765,1.60,1.60
2009.04.07 08:16:06.735,1.22675,1.2278,1.60,4.00
2009.04.07 08:16:06.975,1.2268,1.2278,1.60,5.60
2009.04.07 08:16:07.215,1.22645,1.2278,1.60,1.60
2009.04.07 08:16:07.425,1.22655,1.2278,1.60,1.60
2009.04.07 08:16:15.813,1.2266,1.22775,1.60,1.60
2009.04.07 08:16:20.182,1.22685,1.22785,4.00,1.60
2009.04.07 08:16:20.742,1.2266,1.22785,7.20,1.60
2009.04.07 08:16:21.022,1.2266,1.22785,3.20,1.60
2009.04.07 08:16:22.141,1.22675,1.22785,1.60,1.60
2009.04.07 08:16:22.431,1.22665,1.22775,3.20,1.60
2009.04.07 08:16:22.831,1.22675,1.2278,1.60,1.60
2009.04.07 08:16:23.011,1.22655,1.22775,1.60,1.60
2009.04.07 08:16:23.291,1.22665,1.22775,1.60,1.60
2009.04.07 08:16:23.351,1.2266,1.22775,4.00,1.60
2009.04.07 08:16:23.701,1.22665,1.22775,1.60,1.60
2009.04.07 08:16:24.601,1.2268,1.2278,1.60,1.60
2009.04.07 08:16:34.238,1.22695,1.2279,1.60,1.60
2009.04.07 08:16:35.578,1.227,1.2281,1.60,1.60
2009.04.07 08:16:35.928,1.22705,1.22825,4.00,5.20
2009.04.07 08:16:36.278,1.22705,1.22815,4.00,3.20
2009.04.07 08:16:36.678,1.22685,1.22815,1.60,3.20
2009.04.07 08:16:44.656,1.2271,1.22815,1.60,1.60
2009.04.07 08:16:46.535,1.22715,1.2282,1.60,1.60
2009.04.07 08:16:52.084,1.2271,1.2281,1.60,1.60
2009.04.07 08:16:52.434,1.22715,1.22825,1.60,3.20
2009.04.07 08:16:52.724,1.2271,1.2281,1.60,1.60
2009.04.07 08:16:54.474,1.2271,1.22795,1.60,1.20
2009.04.07 08:16:54.883,1.2271,1.22785,1.60,1.60
2009.04.07 08:16:55.123,1.22665,1.22775,1.60,1.60
2009.04.07 08:16:56.103,1.22685,1.22815,4.00,3.20
2009.04.07 08:16:56.383,1.22685,1.2281,4.00,1.60
2009.04.07 08:16:56.563,1.22675,1.2281,1.60,1.60
2009.04.07 08:16:56.683,1.22685,1.2281,1.60,1.60
2009.04.07 08:16:56.913,1.227,1.2281,1.60,1.60
2009.04.07 08:16:57.093,1.227,1.22815,1.60,1.60
2009.04.07 08:16:57.653,1.22695,1.22825,4.00,1.60
2009.04.07 08:16:57.993,1.2268,1.22815,5.60,1.60
2009.04.07 08:17:00.992,1.22695,1.2281,1.60,1.60
2009.04.07 08:17:01.152,1.2271,1.2282,1.60,1.60
2009.04.07 08:17:10.510,1.22725,1.22825,1.60,1.60
2009.04.07 08:17:10.810,1.22725,1.22825,5.60,1.60
2009.04.07 08:17:12.059,1.22715,1.2282,1.60,1.60
2009.04.07 08:17:12.399,1.2272,1.2283,1.60,1.60
2009.04.07 08:17:12.559,1.2272,1.22835,1.60,1.60
2009.04.07 08:17:14.868,1.2272,1.2284,1.60,1.60
2009.04.07 08:17:15.208,1.22725,1.22845,4.00,3.60
2009.04.07 08:17:16.588,1.22725,1.22845,5.60,2.00
2009.04.07 08:17:17.568,1.22725,1.2282,5.60,1.60
2009.04.07 08:17:18.018,1.227,1.2282,1.60,1.60
2009.04.07 08:17:23.886,1.2272,1.2281,3.20,1.60
2009.04.07 08:17:24.226,1.2273,1.22835,1.60,1.60
2009.04.07 08:17:25.796,1.22735,1.22825,1.60,1.60
2009.04.07 08:17:26.096,1.22695,1.22825,3.20,5.60
2009.04.07 08:17:26.726,1.22695,1.2282,1.60,1.20
2009.04.07 08:17:27.015,1.2269,1.22805,3.20,1.60
2009.04.07 08:17:27.296,1.227,1.22805,1.60,1.60
2009.04.07 08:17:32.264,1.227,1.22795,1.60,1.60
2009.04.07 08:17:34.204,1.227,1.22785,1.60,1.20
2009.04.07 08:17:34.364,1.2268,1.22785,1.60,1.60
2009.04.07 08:17:34.754,1.2263,1.2277,6.60,1.60
2009.04.07 08:17:35.044,1.2264,1.2277,1.60,4.00
2009.04.07 08:17:35.273,1.2263,1.2277,1.60,5.60
2009.04.07 08:17:40.212,1.2265,1.22765,1.60,5.60
2009.04.07 08:17:40.383,1.22655,1.22765,1.60,4.00
2009.04.07 08:17:40.672,1.22655,1.22785,1.60,3.20
2009.04.07 08:17:42.292,1.22665,1.2278,1.60,3.20
2009.04.07 08:17:42.572,1.22665,1.2278,3.20,1.60
2009.04.07 08:17:44.061,1.22665,1.2277,1.60,1.60
2009.04.07 08:17:44.571,1.2267,1.2277,1.20,1.60
2009.04.07 08:17:44.751,1.22675,1.2277,1.60,1.60
2009.04.07 08:17:45.091,1.2268,1.22795,1.60,1.60
2009.04.07 08:17:47.961,1.22675,1.2278,3.20,1.60
2009.04.07 08:17:50.250,1.2267,1.2278,3.20,1.60
2009.04.07 08:17:51.210,1.2269,1.228,1.60,5.60
2009.04.07 08:17:51.440,1.2269,1.2281,1.60,1.60
2009.04.07 08:17:57.178,1.227,1.22805,2.60,1.60
2009.04.07 08:17:57.458,1.2271,1.2283,1.60,1.60
2009.04.07 08:18:00.298,1.2271,1.22825,1.60,1.60
2009.04.07 08:18:00.757,1.2271,1.22825,1.60,5.60
2009.04.07 08:18:01.038,1.2269,1.2282,3.20,1.60
2009.04.07 08:18:02.127,1.2269,1.228,1.60,1.60
2009.04.07 08:18:04.036,1.22665,1.2278,1.60,1.60
2009.04.07 08:18:04.206,1.22665,1.2279,1.60,5.60
2009.04.07 08:18:04.436,1.22655,1.2279,1.60,5.60
2009.04.07 08:18:04.876,1.2265,1.22785,3.20,1.60
2009.04.07 08:18:05.107,1.2266,1.22785,1.60,5.60
2009.04.07 08:18:05.286,1.2266,1.22775,3.20,1.60
2009.04.07 08:18:05.576,1.2266,1.22775,1.60,1.60
2009.04.07 08:18:06.277,1.2267,1.22775,1.60,1.60
2009.04.07 08:18:11.095,1.22675,1.22795,1.60,3.20
2009.04.07 08:18:18.923,1.22675,1.228,7.20,3.60
2009.04.07 08:18:19.263,1.22675,1.228,1.60,5.20
2009.04.07 08:18:19.663,1.2267,1.2279,3.20,1.60
2009.04.07 08:18:21.782,1.2268,1.228,1.60,1.60
2009.04.07 08:18:24.672,1.22675,1.2279,4.00,1.60
2009.04.07 08:18:25.141,1.22665,1.22785,5.60,1.60
2009.04.07 08:18:26.561,1.22665,1.22775,5.60,1.60
2009.04.07 08:18:26.851,1.2266,1.22775,1.60,1.60
2009.04.07 08:18:36.009,1.2267,1.22775,1.60,1.60
2009.04.07 08:18:39.918,1.2265,1.2276,5.60,1.60
2009.04.07 08:18:40.098,1.2264,1.2276,3.20,1.60
2009.04.07 08:18:40.508,1.2263,1.2275,1.60,1.60
2009.04.07 08:18:40.968,1.22625,1.2274,1.60,3.20
2009.04.07 08:18:41.268,1.2263,1.2276,1.60,1.60
2009.04.07 08:18:44.067,1.22625,1.2275,2.60,1.60
2009.04.07 08:18:44.637,1.22625,1.2274,1.60,1.60
2009.04.07 08:18:45.266,1.2262,1.22735,1.60,4.00
2009.04.07 08:18:52.255,1.2262,1.22725,1.60,1.60
2009.04.07 08:18:52.425,1.22615,1.2271,1.60,1.60
2009.04.07 08:18:52.655,1.22605,1.2271,1.60,1.60
2009.04.07 08:18:52.825,1.2262,1.2272,1.60,4.00
2009.04.07 08:18:53.045,1.2262,1.22735,1.60,1.60
2009.04.07 08:18:53.775,1.2263,1.2274,1.60,1.60
2009.04.07 08:18:55.174,1.2263,1.2272,1.60,1.60
2009.04.07 08:18:55.574,1.2263,1.2271,1.60,1.60
2009.04.07 08:18:56.204,1.22605,1.22705,1.60,1.60
2009.04.07 08:18:56.724,1.22605,1.2269,1.60,1.60
2009.04.07 08:18:57.084,1.22605,1.227,1.60,1.60
2009.04.07 08:18:57.314,1.2259,1.227,1.60,1.60
2009.04.07 08:18:57.584,1.2259,1.22715,1.60,1.60
2009.04.07 08:18:58.274,1.22585,1.227,1.60,1.60
2009.04.07 08:18:58.554,1.22585,1.227,4.20,1.60
2009.04.07 08:18:58.783,1.226,1.2271,1.60,1.60
2009.04.07 08:18:58.893,1.226,1.22715,1.60,5.60
2009.04.07 08:18:59.373,1.226,1.22715,1.60,1.60
2009.04.07 08:18:59.663,1.22585,1.227,1.60,1.60
2009.04.07 08:19:01.893,1.2258,1.2268,1.60,1.60
2009.04.07 08:19:05.102,1.22585,1.2268,3.20,1.60
2009.04.07 08:19:05.572,1.22595,1.227,1.60,1.60
2009.04.07 08:19:10.540,1.22575,1.2268,1.60,1.60
2009.04.07 08:19:12.210,1.2257,1.22665,3.20,1.60
2009.04.07 08:19:12.380,1.2257,1.22665,1.60,1.60
2009.04.07 08:19:15.309,1.2258,1.22675,1.60,1.60
2009.04.07 08:19:15.429,1.2258,1.22675,3.20,1.60
2009.04.07 08:19:16.939,1.2258,1.22675,1.60,1.60
2009.04.07 08:19:17.289,1.22585,1.2268,1.60,1.60
2009.04.07 08:19:18.288,1.22585,1.2268,5.60,1.60
2009.04.07 08:19:18.559,1.22595,1.2269,1.60,1.60
2009.04.07 08:19:18.848,1.2261,1.22715,1.60,4.80
2009.04.07 08:19:19.068,1.2261,1.22715,1.60,1.60
2009.04.07 08:19:22.617,1.22605,1.227,5.60,1.60
2009.04.07 08:19:23.008,1.22605,1.227,1.60,1.60
2009.04.07 08:19:27.376,1.22605,1.227,3.20,1.60
2009.04.07 08:19:27.546,1.2261,1.2271,1.60,1.60
2009.04.07 08:19:27.836,1.2262,1.22715,1.60,1.60
2009.04.07 08:19:46.522,1.226,1.2271,5.60,1.60
2009.04.07 08:19:46.692,1.2259,1.2271,1.60,1.60
2009.04.07 08:19:47.082,1.22585,1.2271,4.20,1.60
2009.04.07 08:19:48.821,1.226,1.2271,1.60,1.60
2009.04.07 08:19:48.991,1.22615,1.22715,1.60,5.60
2009.04.07 08:19:49.431,1.22615,1.22715,1.60,1.60
2009.04.07 08:20:06.067,1.2263,1.22725,1.60,1.60
2009.04.07 08:20:06.417,1.2262,1.22715,1.60,1.60
2009.04.07 08:20:10.526,1.2263,1.22735,1.60,3.20
2009.04.07 08:20:10.746,1.2263,1.22735,1.60,1.60
2009.04.07 08:20:21.104,1.2265,1.22745,1.60,1.60
2009.04.07 08:20:21.343,1.2264,1.2274,1.60,1.60
2009.04.07 08:20:31.401,1.22635,1.2273,1.60,1.60
2009.04.07 08:20:36.810,1.2264,1.2273,1.60,1.60
2009.04.07 08:20:44.898,1.22605,1.2272,1.60,1.60
2009.04.07 08:20:45.407,1.22605,1.2272,1.60,3.20
2009.04.07 08:20:49.187,1.22625,1.22725,1.60,3.20
2009.04.07 08:21:02.973,1.2264,1.22725,1.60,1.60
2009.04.07 08:21:03.143,1.2264,1.22735,1.60,1.60
2009.04.07 08:21:07.352,1.2264,1.22735,1.60,3.20
2009.04.07 08:21:10.602,1.2262,1.2273,5.60,1.60
2009.04.07 08:21:10.891,1.2262,1.2273,5.60,3.20
2009.04.07 08:21:11.181,1.2261,1.2273,4.00,3.20
2009.04.07 08:21:16.830,1.22615,1.2273,4.00,1.60
2009.04.07 08:21:25.478,1.2263,1.22735,1.60,3.20
2009.04.07 08:21:25.768,1.2263,1.22735,1.60,1.60
2009.04.07 08:21:26.298,1.22635,1.22745,1.60,1.60
2009.04.07 08:21:26.417,1.22635,1.2275,1.60,2.00
2009.04.07 08:21:26.638,1.22645,1.22755,1.60,1.60
2009.04.07 08:21:26.748,1.2265,1.22775,1.60,2.00
2009.04.07 08:21:29.717,1.2265,1.22765,1.60,2.00
2009.04.07 08:21:29.887,1.22645,1.22765,5.60,3.60
2009.04.07 08:21:30.007,1.22645,1.22765,1.60,3.60
2009.04.07 08:21:31.167,1.22635,1.22755,5.60,1.60
2009.04.07 08:21:31.466,1.22635,1.22755,1.60,5.60
2009.04.07 08:21:34.775,1.22635,1.22755,3.20,5.60
2009.04.07 08:21:35.006,1.2265,1.22755,1.60,4.00
2009.04.07 08:21:35.286,1.2265,1.2276,1.60,1.60
2009.04.07 08:21:35.515,1.2266,1.22765,1.60,1.60
2009.04.07 08:21:35.815,1.2265,1.2276,1.60,1.60
2009.04.07 08:21:38.915,1.22645,1.22765,1.60,1.60
2009.04.07 08:21:42.284,1.22625,1.2274,2.60,4.00
2009.04.07 08:21:43.843,1.22635,1.22735,1.60,4.00
2009.04.07 08:21:44.013,1.22635,1.2276,1.60,5.60
2009.04.07 08:21:44.823,1.22635,1.2274,1.60,4.00
2009.04.07 08:21:45.053,1.22625,1.2274,1.60,4.00
2009.04.07 08:21:46.233,1.22625,1.22735,1.60,5.60
2009.04.07 08:21:46.403,1.22615,1.22735,1.60,5.60
2009.04.07 08:21:47.812,1.22615,1.22735,1.60,4.00
2009.04.07 08:21:48.222,1.22625,1.22745,1.60,1.60
2009.04.07 08:21:48.582,1.22605,1.2273,1.60,4.00
2009.04.07 08:21:55.221,1.22615,1.22725,1.60,4.00
2009.04.07 08:21:55.570,1.22615,1.22735,3.20,4.00
2009.04.07 08:21:56.221,1.2261,1.2273,1.60,1.60
2009.04.07 08:21:56.551,1.2261,1.22725,1.60,4.00
2009.04.07 08:22:06.498,1.226,1.2272,3.20,1.60
2009.04.07 08:22:06.718,1.22615,1.2272,1.60,1.60
2009.04.07 08:22:06.958,1.22615,1.22725,1.60,4.00
2009.04.07 08:22:07.368,1.22615,1.22735,1.60,4.00
2009.04.07 08:22:09.737,1.2263,1.22735,1.60,4.00
2009.04.07 08:22:10.207,1.2263,1.2276,3.20,5.60
2009.04.07 08:22:10.707,1.2263,1.2276,3.20,1.60
2009.04.07 08:22:11.177,1.2263,1.22755,3.20,5.60
2009.04.07 08:22:50.677,1.2263,1.2274,1.60,4.00
2009.04.07 08:22:50.847,1.22625,1.2274,3.20,4.00
2009.04.07 08:23:02.654,1.2263,1.22745,3.20,1.60
2009.04.07 08:23:03.224,1.2263,1.22745,1.60,3.20
2009.04.07 08:23:14.512,1.2264,1.2275,1.60,1.60
2009.04.07 08:23:17.551,1.22625,1.22745,1.60,3.20
2009.04.07 08:23:29.848,1.2264,1.22745,1.60,3.20
2009.04.07 08:23:30.078,1.2265,1.22745,5.60,1.60
2009.04.07 08:23:30.478,1.2262,1.2274,1.60,1.60
2009.04.07 08:23:30.817,1.2262,1.22745,1.60,3.20
2009.04.07 08:23:31.607,1.2261,1.22735,4.00,1.60
2009.04.07 08:23:32.077,1.22605,1.22735,3.20,5.60
2009.04.07 08:23:49.133,1.2261,1.22735,3.20,5.60
2009.04.07 08:23:49.943,1.22615,1.22735,1.60,4.00
2009.04.07 08:23:51.053,1.2261,1.22735,3.20,5.60
2009.04.07 08:23:52.282,1.2262,1.22745,3.20,1.60
2009.04.07 08:23:56.271,1.2262,1.2274,3.20,1.20
2009.04.07 08:23:56.602,1.2262,1.22725,1.60,4.00
2009.04.07 08:23:57.111,1.2261,1.22745,3.20,1.60
2009.04.07 08:23:57.341,1.2261,1.22745,3.20,5.60
2009.04.07 08:23:59.700,1.22615,1.22735,1.60,4.00
2009.04.07 08:24:10.678,1.22615,1.22735,1.60,5.60
2009.04.07 08:24:10.738,1.2261,1.2273,1.60,1.60
2009.04.07 08:24:10.968,1.22615,1.22735,1.60,4.00
2009.04.07 08:24:14.047,1.22615,1.22735,1.60,5.60
2009.04.07 08:24:14.157,1.22615,1.22735,1.60,4.00
2009.04.07 08:24:16.007,1.22615,1.2272,1.60,4.00
2009.04.07 08:24:16.286,1.22605,1.2272,3.20,4.00
2009.04.07 08:24:16.516,1.2261,1.2272,1.60,4.00
2009.04.07 08:24:16.736,1.2261,1.22735,1.60,1.60
2009.04.07 08:24:16.976,1.22615,1.2274,1.60,4.00
2009.04.07 08:24:18.196,1.22605,1.2273,3.20,1.60
2009.04.07 08:24:18.436,1.22605,1.2272,3.20,4.00
2009.04.07 08:24:21.855,1.22615,1.22715,1.60,4.00
2009.04.07 08:24:22.325,1.2262,1.2274,1.60,4.00
2009.04.07 08:24:22.795,1.2261,1.2274,3.20,5.60
2009.04.07 08:24:23.475,1.22615,1.22735,1.60,4.00
2009.04.07 08:24:27.894,1.22625,1.22735,1.60,4.00
2009.04.07 08:24:31.013,1.22625,1.22725,1.60,1.20
2009.04.07 08:24:31.233,1.2262,1.22715,1.60,1.60
2009.04.07 08:24:31.463,1.2262,1.22715,1.60,5.60
2009.04.07 08:24:40.270,1.2263,1.22715,1.60,5.60
2009.04.07 08:24:40.541,1.2263,1.22725,1.60,3.20
2009.04.07 08:24:51.818,1.2266,1.22715,1.60,1.60
2009.04.07 08:24:52.278,1.2265,1.22715,1.60,1.60
2009.04.07 08:24:52.538,1.22645,1.2275,1.60,1.20
2009.04.07 08:24:53.018,1.22655,1.22755,1.60,4.00
2009.04.07 08:24:53.308,1.22665,1.22755,1.60,4.00
2009.04.07 08:24:53.897,1.22665,1.22755,1.60,1.60
2009.04.07 08:24:54.397,1.2267,1.22755,1.60,1.60
2009.04.07 08:24:58.276,1.22665,1.22755,1.60,1.60
2009.04.07 08:25:03.245,1.2267,1.22755,1.60,1.60
2009.04.07 08:25:03.765,1.2267,1.22775,1.60,1.60
2009.04.07 08:25:07.374,1.2267,1.22765,1.60,1.60
2009.04.07 08:25:07.955,1.22685,1.2278,1.60,1.60
2009.04.07 08:25:08.874,1.22675,1.22785,4.00,1.60
2009.04.07 08:25:09.335,1.22675,1.22795,1.60,4.00
2009.04.07 08:25:09.684,1.22665,1.22795,1.60,5.60
2009.04.07 08:25:10.043,1.2267,1.2279,1.60,1.60
2009.04.07 08:25:10.383,1.22675,1.22795,1.20,5.60
2009.04.07 08:25:10.903,1.2269,1.22835,1.60,5.20
2009.04.07 08:25:11.253,1.22685,1.22815,1.60,4.00
2009.04.07 08:25:11.833,1.22675,1.22815,1.60,4.00
2009.04.07 08:25:12.293,1.22685,1.22805,1.60,5.20
2009.04.07 08:25:12.743,1.2266,1.2279,4.00,1.60
2009.04.07 08:25:13.163,1.22655,1.2278,1.60,4.00
2009.04.07 08:25:13.733,1.2265,1.2278,1.60,4.00
2009.04.07 08:25:14.113,1.2266,1.22775,1.60,4.00
2009.04.07 08:25:18.101,1.22645,1.2277,1.60,1.60
2009.04.07 08:25:20.641,1.22655,1.22775,1.60,5.60
2009.04.07 08:25:20.981,1.22655,1.22775,5.60,1.60
2009.04.07 08:25:22.361,1.2268,1.22775,1.60,1.60
2009.04.07 08:25:22.750,1.227,1.2281,4.00,1.60
2009.04.07 08:25:23.040,1.2266,1.2277,1.60,1.60
2009.04.07 08:25:23.440,1.2264,1.2277,1.60,1.60
2009.04.07 08:25:23.610,1.22615,1.2277,1.60,1.60
2009.04.07 08:25:25.789,1.2264,1.22765,1.60,1.60
2009.04.07 08:25:26.250,1.2262,1.2275,2.60,1.60
2009.04.07 08:25:26.650,1.22635,1.2277,1.60,1.60
2009.04.07 08:25:29.359,1.22645,1.2277,1.60,1.60
2009.04.07 08:25:29.479,1.22635,1.2276,1.60,1.60
2009.04.07 08:25:29.878,1.2264,1.22765,2.60,1.60
2009.04.07 08:25:30.219,1.2265,1.22775,1.60,1.60
2009.04.07 08:25:30.639,1.2264,1.22765,2.60,1.60
2009.04.07 08:25:32.148,1.22665,1.22765,1.60,1.60
2009.04.07 08:25:32.768,1.22665,1.228,1.60,1.60
2009.04.07 08:25:33.308,1.22675,1.22805,1.60,5.60
2009.04.07 08:25:33.648,1.22675,1.228,1.60,1.60
2009.04.07 08:25:34.288,1.22675,1.22795,1.60,5.60
2009.04.07 08:25:34.687,1.22685,1.22795,1.60,5.60
2009.04.07 08:25:34.977,1.22685,1.22795,1.60,1.60
2009.04.07 08:25:35.267,1.22685,1.22795,1.60,2.80
2009.04.07 08:25:36.977,1.2269,1.22795,1.60,1.60
2009.04.07 08:25:37.617,1.2269,1.22795,1.60,2.80
2009.04.07 08:25:39.906,1.22685,1.2279,1.60,1.60
2009.04.07 08:25:40.706,1.2269,1.2279,1.60,1.60
2009.04.07 08:25:41.156,1.2269,1.22795,1.60,2.80
2009.04.07 08:25:43.825,1.2269,1.2279,1.60,1.20
2009.04.07 08:25:43.885,1.2267,1.22785,1.60,1.60
2009.04.07 08:25:44.335,1.2267,1.22785,1.60,3.20
2009.04.07 08:25:44.675,1.22685,1.22795,1.60,2.80
2009.04.07 08:25:45.035,1.2268,1.22795,1.60,4.40
2009.04.07 08:25:45.385,1.2268,1.2279,1.60,1.60
2009.04.07 08:25:45.615,1.2266,1.2279,5.60,1.60
2009.04.07 08:25:49.604,1.2267,1.22795,1.60,9.00
2009.04.07 08:25:50.164,1.2267,1.22795,1.60,5.00
2009.04.07 08:25:54.183,1.2267,1.22795,1.60,5.00
2009.04.07 08:25:54.303,1.2267,1.22795,1.60,3.60
2009.04.07 08:25:55.003,1.2268,1.22795,1.60,3.60
2009.04.07 08:25:55.173,1.2271,1.2282,1.60,9.20
2009.04.07 08:25:55.522,1.2267,1.228,4.00,5.00
2009.04.07 08:25:55.852,1.22655,1.228,1.60,5.00
2009.04.07 08:25:57.232,1.2267,1.2279,1.60,2.00
2009.04.07 08:25:57.472,1.2266,1.22785,1.60,1.60
2009.04.07 08:25:58.372,1.2266,1.22775,1.60,1.60
2009.04.07 08:25:58.712,1.22655,1.22775,5.60,1.60
2009.04.07 08:25:58.882,1.22655,1.22775,1.60,5.60
2009.04.07 08:26:00.261,1.2266,1.22785,1.60,5.20
2009.04.07 08:26:00.881,1.22655,1.22775,5.60,1.60
2009.04.07 08:26:01.121,1.22655,1.22775,1.60,5.60
2009.04.07 08:26:02.431,1.2266,1.22785,1.60,5.20
2009.04.07 08:26:02.891,1.2266,1.2278,1.60,1.60
2009.04.07 08:26:03.061,1.22655,1.22775,5.60,1.60
2009.04.07 08:26:03.240,1.22655,1.22775,1.60,5.60
2009.04.07 08:26:06.020,1.22655,1.22775,1.60,5.60
2009.04.07 08:26:07.070,1.2266,1.22785,1.60,5.20
2009.04.07 08:26:07.810,1.2266,1.2278,1.60,1.60
2009.04.07 08:26:08.380,1.22655,1.22775,1.60,5.60
2009.04.07 08:26:09.789,1.2266,1.22775,1.60,4.00
2009.04.07 08:26:10.069,1.2266,1.22785,1.60,5.20
2009.04.07 08:26:14.188,1.2266,1.22785,1.60,3.60
2009.04.07 08:26:14.488,1.2266,1.22785,1.60,1.60
2009.04.07 08:26:14.778,1.2267,1.2279,1.60,2.00
2009.04.07 08:26:15.848,1.22665,1.2279,5.60,3.60
2009.04.07 08:26:16.487,1.2267,1.22795,1.60,3.60
2009.04.07 08:26:19.617,1.2267,1.22795,3.20,3.60
2009.04.07 08:26:19.837,1.2267,1.22795,3.20,1.60
2009.04.07 08:26:20.176,1.22695,1.22805,1.60,3.60
2009.04.07 08:26:21.156,1.2268,1.22775,1.60,1.60
2009.04.07 08:26:21.656,1.22645,1.2278,1.60,1.60
2009.04.07 08:26:21.836,1.2264,1.2278,1.60,1.60
2009.04.07 08:26:24.316,1.2267,1.22765,1.60,1.60
2009.04.07 08:26:24.675,1.22665,1.2279,1.60,1.60
2009.04.07 08:26:25.185,1.22665,1.2279,5.60,1.60
2009.04.07 08:26:25.515,1.2267,1.2279,1.60,1.60
2009.04.07 08:26:25.795,1.22685,1.22785,1.60,1.60
2009.04.07 08:26:26.025,1.2268,1.2278,4.00,1.60
2009.04.07 08:26:26.315,1.2267,1.2278,1.60,1.60
2009.04.07 08:26:30.454,1.22675,1.22805,1.60,4.80
2009.04.07 08:26:30.814,1.22685,1.22805,4.00,3.20
2009.04.07 08:26:31.054,1.22685,1.22805,4.00,1.60
2009.04.07 08:26:32.773,1.22685,1.2279,4.00,1.20
2009.04.07 08:26:32.994,1.22685,1.22775,4.00,1.60
2009.04.07 08:26:33.493,1.2266,1.2276,1.60,1.60
2009.04.07 08:26:34.103,1.2267,1.2275,1.60,1.60
2009.04.07 08:26:34.603,1.2265,1.22785,1.60,4.00
2009.04.07 08:26:34.943,1.2265,1.22775,4.00,1.60
2009.04.07 08:26:36.253,1.2266,1.22785,1.60,2.00
2009.04.07 08:26:36.552,1.22655,1.22785,5.60,3.60
2009.04.07 08:26:36.892,1.2267,1.22785,4.00,2.00
2009.04.07 08:26:37.242,1.22695,1.22785,1.60,2.00
2009.04.07 08:26:37.642,1.22695,1.2282,1.60,1.60
2009.04.07 08:26:40.941,1.22665,1.228,3.20,1.60
2009.04.07 08:26:44.101,1.22685,1.228,1.60,1.60
2009.04.07 08:26:44.331,1.22685,1.22805,1.60,3.20
2009.04.07 08:26:44.851,1.2267,1.228,8.80,1.60
2009.04.07 08:26:45.431,1.22685,1.22805,1.60,3.20
2009.04.07 08:26:54.448,1.22695,1.22805,1.60,1.60
2009.04.07 08:26:56.838,1.22675,1.22795,3.20,1.60
2009.04.07 08:26:57.367,1.22675,1.22795,1.60,1.60
2009.04.07 08:26:57.598,1.22675,1.22805,1.60,3.60
2009.04.07 08:26:57.877,1.22675,1.22805,1.60,1.60
2009.04.07 08:26:57.997,1.2268,1.22805,3.20,3.60
2009.04.07 08:26:58.387,1.22685,1.22805,1.60,2.00
2009.04.07 08:26:58.737,1.22685,1.2281,1.60,3.60
2009.04.07 08:26:59.447,1.22695,1.22815,1.60,3.60
2009.04.07 08:26:59.957,1.2269,1.22815,1.60,5.60
2009.04.07 08:27:00.417,1.22695,1.22815,1.60,1.60
2009.04.07 08:27:00.917,1.22705,1.22825,1.60,3.60
2009.04.07 08:27:01.326,1.22705,1.2282,1.60,1.60
2009.04.07 08:27:02.196,1.2271,1.22825,1.60,3.60
2009.04.07 08:27:02.646,1.2271,1.2282,1.60,1.60
2009.04.07 08:27:04.506,1.2271,1.22825,1.60,1.60
2009.04.07 08:27:05.016,1.2271,1.2282,1.60,1.60
2009.04.07 08:27:05.296,1.2271,1.22825,1.60,1.60
2009.04.07 08:27:06.356,1.22725,1.2283,1.60,3.60
2009.04.07 08:27:07.065,1.22725,1.2283,1.60,1.60
2009.04.07 08:27:07.305,1.2274,1.2283,1.60,1.60
2009.04.07 08:27:07.595,1.2274,1.22835,1.60,1.60
2009.04.07 08:27:11.044,1.2274,1.22835,1.60,1.60
2009.04.07 08:27:12.324,1.22705,1.2283,1.60,2.00
2009.04.07 08:27:12.604,1.227,1.2283,1.60,3.60
2009.04.07 08:27:12.844,1.22715,1.2283,1.60,1.60
2009.04.07 08:27:13.074,1.22715,1.2284,7.20,1.60
2009.04.07 08:27:13.424,1.2274,1.22845,1.60,1.60
2009.04.07 08:27:13.714,1.22735,1.2283,1.60,1.60
2009.04.07 08:27:13.994,1.22735,1.22845,3.20,4.00
2009.04.07 08:27:14.343,1.2272,1.22845,1.60,1.60
2009.04.07 08:27:14.753,1.2272,1.22845,5.60,1.60
2009.04.07 08:27:15.263,1.2272,1.22845,5.60,3.60
2009.04.07 08:27:15.443,1.22725,1.22845,1.60,1.60
2009.04.07 08:27:15.783,1.22725,1.2285,8.80,3.60
2009.04.07 08:27:16.063,1.2274,1.2285,1.60,1.60
2009.04.07 08:27:16.353,1.2274,1.2286,1.60,1.60
2009.04.07 08:27:16.743,1.22735,1.2286,3.20,1.60
2009.04.07 08:27:17.083,1.2274,1.22855,1.60,1.60
2009.04.07 08:27:17.503,1.2272,1.2285,1.60,1.60
2009.04.07 08:27:17.903,1.22715,1.2284,1.60,1.60
2009.04.07 08:27:18.192,1.22745,1.2284,1.60,1.60
2009.04.07 08:27:18.892,1.2272,1.22835,1.60,2.00
2009.04.07 08:27:19.182,1.2272,1.2282,1.60,2.00
2009.04.07 08:27:19.452,1.2272,1.2281,1.60,4.00
2009.04.07 08:27:20.102,1.22695,1.2281,1.60,4.00
2009.04.07 08:27:20.612,1.22675,1.2278,1.60,1.20
2009.04.07 08:27:21.012,1.22685,1.2278,1.60,4.00
2009.04.07 08:27:21.412,1.22695,1.228,1.60,1.60
2009.04.07 08:27:21.821,1.22705,1.22775,1.60,2.00
2009.04.07 08:27:22.162,1.22635,1.2276,1.60,4.00
2009.04.07 08:27:22.551,1.22625,1.22735,1.60,1.60
2009.04.07 08:27:22.831,1.22625,1.2273,1.60,1.60
2009.04.07 08:27:23.121,1.2261,1.22735,1.60,6.00
2009.04.07 08:27:23.401,1.22615,1.22715,1.60,4.00
2009.04.07 08:27:23.811,1.22615,1.22745,1.60,1.60
2009.04.07 08:27:24.101,1.22615,1.2275,3.20,1.60
2009.04.07 08:27:24.661,1.2263,1.22745,1.60,1.60
2009.04.07 08:27:24.961,1.2264,1.2276,1.60,1.60
2009.04.07 08:27:25.321,1.2266,1.22795,5.60,2.00
2009.04.07 08:27:25.480,1.22665,1.228,1.60,5.00
2009.04.07 08:27:25.840,1.22695,1.228,1.60,3.60
2009.04.07 08:27:26.060,1.22695,1.228,1.60,2.00
2009.04.07 08:27:26.230,1.22695,1.22825,1.60,1.60
2009.04.07 08:27:26.560,1.22705,1.2283,1.60,1.60
2009.04.07 08:27:26.860,1.2272,1.2283,1.60,2.00
2009.04.07 08:27:27.220,1.2272,1.228,1.60,1.60
2009.04.07 08:27:27.520,1.2272,1.22775,1.60,4.00
2009.04.07 08:27:27.750,1.22685,1.2283,1.60,2.00
2009.04.07 08:27:28.160,1.22685,1.22825,1.60,1.20
2009.04.07 08:27:28.380,1.22665,1.228,3.20,6.00
2009.04.07 08:27:28.620,1.22655,1.22775,1.20,1.60
2009.04.07 08:27:28.910,1.227,1.22825,1.60,1.60
2009.04.07 08:27:29.140,1.227,1.22825,1.60,3.20
2009.04.07 08:27:29.720,1.2267,1.2282,5.60,1.60
2009.04.07 08:27:30.060,1.2265,1.22775,1.60,1.60
2009.04.07 08:27:30.409,1.2265,1.228,1.60,5.60
2009.04.07 08:27:31.309,1.2269,1.22795,1.60,1.60
2009.04.07 08:27:31.589,1.227,1.22815,1.60,1.60
2009.04.07 08:27:31.759,1.2271,1.2282,1.60,1.60
2009.04.07 08:27:32.679,1.22685,1.228,1.60,2.00
2009.04.07 08:27:33.189,1.22675,1.22785,4.00,1.60
2009.04.07 08:27:33.359,1.22655,1.2279,1.60,1.60
2009.04.07 08:27:33.639,1.2265,1.2279,1.60,3.20
2009.04.07 08:27:33.809,1.22665,1.2279,1.60,1.60
2009.04.07 08:27:34.158,1.2266,1.2279,1.60,3.60
2009.04.07 08:27:34.459,1.2267,1.22785,1.60,2.00
2009.04.07 08:27:34.698,1.2267,1.22765,1.20,1.60
2009.04.07 08:27:35.108,1.2267,1.2281,2.60,1.60
2009.04.07 08:27:35.288,1.2267,1.228,1.60,2.00
2009.04.07 08:27:35.748,1.22665,1.2277,4.00,1.60
2009.04.07 08:27:35.808,1.22645,1.2277,1.20,1.60
2009.04.07 08:27:36.558,1.22675,1.2282,1.60,2.00
2009.04.07 08:27:36.898,1.22645,1.2279,1.20,1.60
2009.04.07 08:27:37.128,1.22695,1.2285,1.60,1.60
2009.04.07 08:27:37.818,1.22685,1.2282,1.60,1.60
2009.04.07 08:27:37.988,1.22665,1.22805,1.60,2.00
2009.04.07 08:27:38.158,1.22675,1.22775,4.00,1.60
2009.04.07 08:27:38.677,1.22715,1.22775,1.60,1.60
2009.04.07 08:27:38.968,1.22715,1.22835,1.60,2.00
2009.04.07 08:27:39.317,1.22715,1.22835,1.60,1.60
2009.04.07 08:27:39.707,1.2268,1.2282,5.60,2.00
2009.04.07 08:27:39.877,1.22675,1.22795,1.60,1.60
2009.04.07 08:27:40.217,1.22675,1.228,1.60,1.60
2009.04.07 08:27:40.717,1.2267,1.228,4.00,1.60
2009.04.07 08:27:40.887,1.22675,1.2278,4.00,1.60
2009.04.07 08:27:41.067,1.22705,1.2278,1.60,1.60
2009.04.07 08:27:41.417,1.22725,1.2278,1.60,1.60
2009.04.07 08:27:42.047,1.2274,1.22855,1.60,1.60
2009.04.07 08:27:42.527,1.2268,1.22775,1.60,3.20
2009.04.07 08:27:42.757,1.2264,1.22775,3.20,3.20
2009.04.07 08:27:42.986,1.2264,1.2277,1.60,1.60
2009.04.07 08:27:43.686,1.2264,1.22735,1.60,1.60
2009.04.07 08:27:43.896,1.22665,1.2274,1.60,4.00
2009.04.07 08:27:44.136,1.22675,1.2277,1.60,1.60
2009.04.07 08:27:44.477,1.22675,1.2278,1.60,3.20
2009.04.07 08:27:44.586,1.22675,1.2278,1.60,1.60
2009.04.07 08:27:45.546,1.22685,1.2277,1.60,1.60
2009.04.07 08:27:45.826,1.22685,1.2278,1.60,1.60
2009.04.07 08:27:46.346,1.22705,1.22765,1.60,4.00
2009.04.07 08:27:46.765,1.2269,1.22835,1.60,1.60
2009.04.07 08:27:47.056,1.22685,1.2283,1.60,1.60
2009.04.07 08:27:47.266,1.2268,1.22815,1.60,2.00
2009.04.07 08:27:47.665,1.2272,1.2279,1.60,1.60
2009.04.07 08:27:47.895,1.2272,1.22845,1.60,1.60
2009.04.07 08:27:50.275,1.2269,1.22815,1.60,3.20
2009.04.07 08:27:50.755,1.2267,1.2281,4.00,1.60
2009.04.07 08:27:51.095,1.22685,1.2278,5.60,1.60
2009.04.07 08:27:51.436,1.22705,1.2278,1.60,1.60
2009.04.07 08:27:51.734,1.2275,1.228,1.60,1.60
2009.04.07 08:27:52.314,1.2275,1.22845,1.60,1.60
2009.04.07 08:27:53.054,1.2276,1.22845,1.60,1.60
2009.04.07 08:27:53.504,1.22765,1.22805,1.60,1.20
2009.04.07 08:27:53.844,1.2274,1.22795,1.60,4.00
2009.04.07 08:27:54.205,1.2274,1.22855,1.60,3.20
2009.04.07 08:27:54.564,1.22735,1.2286,1.60,1.60
2009.04.07 08:27:55.214,1.2274,1.2284,1.60,1.60
2009.04.07 08:27:56.433,1.2274,1.22845,1.60,1.60
2009.04.07 08:27:56.713,1.2275,1.22845,1.60,1.60
2009.04.07 08:27:57.223,1.2275,1.2285,1.60,1.60
2009.04.07 08:28:02.022,1.22755,1.2284,1.60,1.60
2009.04.07 08:28:08.141,1.2275,1.2284,1.60,3.20
2009.04.07 08:28:09.060,1.2275,1.2283,1.60,1.60
2009.04.07 08:28:09.330,1.22745,1.2283,1.60,1.60
2009.04.07 08:28:10.520,1.22705,1.2282,1.60,1.60
2009.04.07 08:28:10.920,1.22695,1.2281,1.60,3.20
2009.04.07 08:28:11.220,1.2268,1.228,1.60,1.60
2009.04.07 08:28:11.569,1.22685,1.22795,1.60,1.60
2009.04.07 08:28:12.569,1.22695,1.22795,1.60,1.60
2009.04.07 08:28:13.239,1.2271,1.2282,1.60,3.20
2009.04.07 08:28:13.469,1.22735,1.2286,1.60,3.20
2009.04.07 08:28:13.929,1.22735,1.2286,1.60,1.60
2009.04.07 08:28:14.149,1.22735,1.22865,5.60,1.60
2009.04.07 08:28:14.549,1.22745,1.22845,5.60,1.60
2009.04.07 08:28:15.070,1.2272,1.22835,5.60,1.20
2009.04.07 08:28:15.419,1.2271,1.22815,1.60,1.60
2009.04.07 08:28:16.868,1.2273,1.22815,1.60,1.60
2009.04.07 08:28:17.258,1.2273,1.2285,1.60,3.20
2009.04.07 08:28:17.608,1.22765,1.2286,1.60,1.60
2009.04.07 08:28:17.968,1.2275,1.22875,1.60,3.20
2009.04.07 08:28:18.538,1.2275,1.2286,1.60,1.60
2009.04.07 08:28:19.168,1.2277,1.2287,1.60,1.60
2009.04.07 08:28:19.628,1.2279,1.2287,1.60,1.60
2009.04.07 08:28:20.098,1.2279,1.2288,1.60,3.20
2009.04.07 08:28:20.318,1.2279,1.2288,1.60,3.60
2009.04.07 08:28:20.497,1.22775,1.22875,4.00,1.60
2009.04.07 08:28:20.957,1.22765,1.2287,1.60,2.80
2009.04.07 08:28:21.477,1.2269,1.22835,2.20,1.60
2009.04.07 08:28:21.757,1.2269,1.2282,1.20,4.00
2009.04.07 08:28:22.277,1.2269,1.2284,1.20,1.60
2009.04.07 08:28:22.747,1.22705,1.2282,1.20,1.60
2009.04.07 08:28:23.367,1.22705,1.22825,1.20,1.60
2009.04.07 08:28:24.336,1.227,1.22825,1.60,1.60
2009.04.07 08:28:24.776,1.22655,1.228,2.60,1.60
2009.04.07 08:28:25.477,1.22645,1.22795,2.60,1.60
2009.04.07 08:28:25.696,1.2268,1.22825,1.20,1.60
2009.04.07 08:28:26.036,1.22675,1.2281,1.60,1.60
2009.04.07 08:28:29.805,1.2268,1.228,1.20,1.60
2009.04.07 08:28:30.325,1.22675,1.228,2.60,1.60
2009.04.07 08:28:31.934,1.22675,1.22795,1.20,1.60
2009.04.07 08:28:34.794,1.22675,1.2279,1.20,1.60
2009.04.07 08:28:35.264,1.2267,1.22785,1.20,1.60
2009.04.07 08:28:35.764,1.22665,1.22785,1.60,1.60
2009.04.07 08:28:36.113,1.2267,1.2279,1.60,1.60
2009.04.07 08:28:37.225,1.2266,1.22785,2.60,1.60
2009.04.07 08:28:38.083,1.2266,1.22785,1.60,1.60
2009.04.07 08:28:40.162,1.22655,1.22775,1.20,1.60
2009.04.07 08:28:40.892,1.2265,1.22775,2.60,1.60
2009.04.07 08:28:41.172,1.2266,1.22785,1.60,1.60
2009.04.07 08:28:41.462,1.22655,1.22775,1.60,1.60
2009.04.07 08:28:41.692,1.2266,1.22785,1.60,1.60
2009.04.07 08:28:42.262,1.22655,1.22775,1.60,1.60
2009.04.07 08:28:43.422,1.22665,1.22785,1.60,1.60
2009.04.07 08:28:48.091,1.2265,1.22785,1.60,1.60
2009.04.07 08:28:48.481,1.22635,1.22765,2.60,1.60
2009.04.07 08:28:48.600,1.22635,1.2277,1.60,1.60
2009.04.07 08:28:49.120,1.2262,1.2275,1.20,1.60
2009.04.07 08:28:49.340,1.22615,1.2275,1.60,1.60
2009.04.07 08:28:49.520,1.2263,1.22745,1.20,1.60
2009.04.07 08:28:50.160,1.22665,1.22785,1.60,1.60
2009.04.07 08:28:50.450,1.22665,1.22815,3.20,3.60
2009.04.07 08:28:52.010,1.2268,1.22805,3.20,1.60
2009.04.07 08:29:03.277,1.2268,1.22805,1.60,1.60
2009.04.07 08:29:03.457,1.22675,1.228,5.60,1.60
2009.04.07 08:29:03.627,1.22675,1.228,1.60,1.60
2009.04.07 08:29:04.796,1.2267,1.22795,1.60,1.60
2009.04.07 08:29:06.067,1.2269,1.22805,1.60,4.00
2009.04.07 08:29:06.296,1.2269,1.22815,1.60,7.60
2009.04.07 08:29:06.456,1.2269,1.22815,1.60,3.60
2009.04.07 08:29:12.715,1.22695,1.228,1.60,2.00
2009.04.07 08:29:13.115,1.2267,1.2278,4.00,1.60
2009.04.07 08:29:13.405,1.22635,1.22765,1.20,1.60
2009.04.07 08:29:13.624,1.22615,1.22755,1.20,1.60
2009.04.07 08:29:14.314,1.2261,1.22745,1.60,1.60
2009.04.07 08:29:14.544,1.22615,1.2274,2.60,1.60
2009.04.07 08:29:14.764,1.2263,1.2274,1.20,1.60
2009.04.07 08:29:15.004,1.22635,1.22775,1.60,1.60
2009.04.07 08:29:19.693,1.22635,1.2276,1.60,1.60
2009.04.07 08:29:20.933,1.22635,1.2276,1.60,3.60
2009.04.07 08:29:21.172,1.226,1.2274,2.60,1.60
2009.04.07 08:29:21.903,1.22605,1.22745,1.60,1.60
2009.04.07 08:29:22.432,1.2262,1.22745,1.60,1.60
2009.04.07 08:29:26.771,1.22625,1.2275,1.60,1.60
2009.04.07 08:29:27.641,1.2263,1.22755,1.60,3.60
2009.04.07 08:29:32.120,1.22625,1.2275,1.60,1.60
2009.04.07 08:29:34.129,1.226,1.22735,2.60,1.60
2009.04.07 08:29:34.879,1.2261,1.2274,1.60,4.00
2009.04.07 08:29:35.049,1.2261,1.22745,1.60,1.60
2009.04.07 08:29:35.269,1.22625,1.2275,1.60,1.60
2009.04.07 08:29:37.549,1.22625,1.22745,1.60,2.00
2009.04.07 08:29:37.898,1.22585,1.22725,2.60,1.60
2009.04.07 08:29:38.259,1.22595,1.22725,1.20,1.60
2009.04.07 08:29:38.558,1.22625,1.2277,1.60,2.00
2009.04.07 08:29:43.308,1.22635,1.2276,1.60,1.60
2009.04.07 08:29:43.767,1.22645,1.2277,1.60,1.60
2009.04.07 08:29:45.637,1.22645,1.2276,1.60,1.60
2009.04.07 08:29:45.857,1.22645,1.22775,1.60,3.60
2009.04.07 08:29:46.197,1.2259,1.22745,4.20,1.60
2009.04.07 08:29:46.457,1.2262,1.22775,1.60,1.60
2009.04.07 08:29:49.626,1.2264,1.22765,1.60,1.60
2009.04.07 08:29:49.746,1.22645,1.2277,1.60,1.60
2009.04.07 08:29:51.455,1.22655,1.22775,1.60,1.60
2009.04.07 08:29:52.765,1.2266,1.22785,1.60,1.60
2009.04.07 08:29:54.615,1.22655,1.22775,1.60,1.60
2009.04.07 08:30:03.163,1.2266,1.22785,1.60,1.60
2009.04.07 08:30:03.403,1.22655,1.2278,1.60,1.60
2009.04.07 08:30:04.282,1.2266,1.22785,1.60,3.60
2009.04.07 08:30:04.502,1.2266,1.22785,1.60,1.60
2009.04.07 08:30:05.822,1.22665,1.2279,1.60,1.60
2009.04.07 08:30:08.891,1.22675,1.228,1.60,3.60
2009.04.07 08:30:14.640,1.22665,1.2279,1.60,1.60
2009.04.07 08:30:15.749,1.22655,1.2278,1.60,1.60
2009.04.07 08:30:17.179,1.2266,1.22785,1.60,1.60
2009.04.07 08:30:17.599,1.22665,1.2279,1.60,1.60
2009.04.07 08:30:17.769,1.2266,1.22785,1.60,1.60
2009.04.07 08:30:18.219,1.22665,1.2279,1.60,1.60
2009.04.07 08:30:26.097,1.22655,1.2278,1.60,1.60
2009.04.07 08:30:44.203,1.2266,1.22785,1.60,1.60
2009.04.07 08:30:44.832,1.2266,1.22785,1.60,3.60
2009.04.07 08:30:47.562,1.2266,1.22785,1.60,1.60
2009.04.07 08:30:47.901,1.22665,1.2279,1.60,3.60
2009.04.07 08:30:52.731,1.22665,1.2276,1.60,1.60
2009.04.07 08:30:53.010,1.22625,1.2276,1.60,3.20
2009.04.07 08:30:53.310,1.2262,1.2276,1.60,3.20
2009.04.07 08:31:03.518,1.22625,1.22735,1.60,4.00
2009.04.07 08:31:03.798,1.2262,1.22735,1.60,4.00
2009.04.07 08:31:04.158,1.22615,1.22735,4.20,4.00
2009.04.07 08:31:05.587,1.22615,1.22735,2.60,5.60
2009.04.07 08:31:10.766,1.22615,1.22735,1.60,5.60
2009.04.07 08:31:11.276,1.22615,1.22735,3.20,4.00
2009.04.07 08:31:11.446,1.22625,1.22745,1.60,1.60
2009.04.07 08:31:17.215,1.22645,1.2275,1.60,2.80
2009.04.07 08:31:17.274,1.2264,1.2274,4.00,1.60
2009.04.07 08:31:17.565,1.22625,1.2274,1.60,1.60
2009.04.07 08:31:18.504,1.22625,1.22735,1.60,3.20
2009.04.07 08:31:19.554,1.2264,1.22735,1.60,1.60
2009.04.07 08:31:19.664,1.2264,1.2274,1.60,1.60
2009.04.07 08:31:21.383,1.22655,1.22745,1.60,1.60
2009.04.07 08:31:21.613,1.22655,1.2275,1.60,3.20
2009.04.07 08:31:24.032,1.2267,1.2274,1.60,1.60
2009.04.07 08:31:24.502,1.2267,1.2278,1.60,1.60
2009.04.07 08:31:24.852,1.2267,1.228,1.60,1.60
2009.04.07 08:31:38.609,1.22675,1.22785,1.60,1.60
2009.04.07 08:31:40.468,1.2265,1.22775,4.00,1.60
2009.04.07 08:31:40.878,1.2265,1.2276,4.00,1.60
2009.04.07 08:31:41.108,1.22635,1.2276,2.60,1.60
2009.04.07 08:31:41.278,1.22605,1.22745,4.20,1.60
2009.04.07 08:31:41.678,1.22605,1.22735,1.60,1.60
2009.04.07 08:31:42.078,1.226,1.2273,2.60,1.60
2009.04.07 08:31:42.468,1.2261,1.22725,1.60,1.60
2009.04.07 08:31:42.767,1.2261,1.2273,1.60,1.60
2009.04.07 08:31:43.057,1.226,1.2272,1.20,1.60
2009.04.07 08:31:43.457,1.226,1.22715,1.20,1.60
2009.04.07 08:31:43.747,1.22605,1.2272,4.00,1.60
2009.04.07 08:31:44.027,1.22605,1.2273,5.60,1.60
2009.04.07 08:31:50.026,1.2261,1.2273,3.20,1.20
2009.04.07 08:31:50.556,1.22605,1.22725,1.60,3.20
2009.04.07 08:31:50.916,1.22615,1.2273,1.60,2.80
2009.04.07 08:31:51.825,1.22615,1.2275,3.20,5.60
2009.04.07 08:31:52.455,1.22625,1.2275,4.00,1.60
2009.04.07 08:31:52.745,1.22635,1.2275,1.60,1.60
2009.04.07 08:31:52.975,1.22635,1.2275,1.60,3.20
2009.04.07 08:32:03.343,1.22645,1.2276,1.60,1.60
2009.04.07 08:32:07.092,1.2265,1.22765,1.60,3.20
2009.04.07 08:32:07.391,1.2264,1.2276,1.60,3.20
2009.04.07 08:32:07.671,1.22635,1.2275,1.20,4.00
2009.04.07 08:32:08.021,1.22625,1.2275,4.20,4.00
2009.04.07 08:32:11.121,1.22635,1.22755,1.60,1.60
2009.04.07 08:32:11.421,1.22635,1.22745,1.60,4.00
2009.04.07 08:32:11.700,1.2264,1.2277,1.60,5.60
2009.04.07 08:32:12.050,1.22645,1.2277,1.60,4.00
2009.04.07 08:32:12.520,1.2265,1.2278,1.60,1.60
2009.04.07 08:32:12.800,1.22655,1.2278,1.60,3.60
2009.04.07 08:32:13.030,1.22655,1.2278,1.60,1.60
2009.04.07 08:32:13.300,1.22655,1.2277,1.60,1.60
2009.04.07 08:32:13.590,1.22635,1.22755,1.60,4.00
2009.04.07 08:32:21.008,1.22635,1.22745,1.60,4.00
2009.04.07 08:32:21.368,1.2264,1.22765,1.60,1.60
2009.04.07 08:32:22.688,1.22635,1.22745,1.60,1.60
2009.04.07 08:32:23.197,1.2264,1.2274,1.60,1.60
2009.04.07 08:32:23.528,1.2264,1.2277,1.60,1.60
2009.04.07 08:32:24.117,1.22655,1.22775,1.60,5.60
2009.04.07 08:32:24.407,1.22655,1.22765,1.60,1.60
2009.04.07 08:32:24.808,1.22645,1.22765,1.60,3.20
2009.04.07 08:32:25.047,1.2266,1.2276,1.60,1.60
2009.04.07 08:32:25.397,1.2266,1.2278,1.60,1.60
2009.04.07 08:32:26.497,1.2266,1.22765,1.60,1.60
2009.04.07 08:32:26.907,1.2266,1.22765,1.60,5.60
2009.04.07 08:32:27.137,1.2266,1.2276,1.60,1.20
2009.04.07 08:32:27.317,1.22655,1.2275,1.60,4.00
2009.04.07 08:32:30.876,1.2266,1.22745,1.60,4.00
2009.04.07 08:32:31.266,1.2266,1.2277,1.60,4.00
2009.04.07 08:32:36.705,1.2265,1.22765,3.20,5.60
2009.04.07 08:32:37.214,1.2265,1.22765,1.60,7.20
2009.04.07 08:32:37.504,1.2266,1.22765,1.60,1.60
2009.04.07 08:32:37.914,1.2266,1.2277,1.60,3.20
2009.04.07 08:32:44.243,1.2267,1.2277,1.60,1.60
2009.04.07 08:32:44.303,1.2266,1.22765,1.60,4.00
2009.04.07 08:32:48.761,1.2265,1.22765,1.60,7.20
2009.04.07 08:32:48.972,1.2266,1.22765,1.60,5.60
2009.04.07 08:32:49.032,1.2266,1.22765,1.60,1.60
2009.04.07 08:32:49.381,1.2266,1.2277,1.60,3.20
2009.04.07 08:32:58.239,1.2266,1.22765,1.60,1.60
2009.04.07 08:33:01.859,1.2266,1.2277,1.60,3.20
2009.04.07 08:33:07.497,1.22665,1.2278,1.60,3.20
2009.04.07 08:33:07.947,1.22665,1.22775,1.60,1.60
2009.04.07 08:33:08.407,1.22645,1.22775,1.60,1.60
2009.04.07 08:33:08.587,1.2264,1.22765,1.60,5.60
2009.04.07 08:33:09.217,1.22655,1.22765,1.60,5.60
2009.04.07 08:33:09.487,1.22655,1.22765,1.60,4.00
2009.04.07 08:33:09.836,1.2267,1.22785,1.60,1.60
2009.04.07 08:33:10.016,1.22675,1.2279,1.60,1.60
2009.04.07 08:33:10.356,1.22675,1.22795,1.60,5.20
2009.04.07 08:33:10.766,1.22675,1.22795,1.60,3.20
2009.04.07 08:33:12.925,1.22685,1.22785,1.60,1.60
2009.04.07 08:33:17.255,1.22685,1.2279,1.60,3.20
2009.04.07 08:33:19.044,1.22695,1.2279,1.60,3.20
2009.04.07 08:33:19.284,1.22705,1.22785,1.60,1.60
2009.04.07 08:33:20.164,1.2267,1.22785,4.80,1.60
2009.04.07 08:33:20.454,1.227,1.22785,1.60,1.60
2009.04.07 08:33:21.763,1.2269,1.2279,1.60,1.60
2009.04.07 08:33:22.973,1.22675,1.22785,1.60,1.60
2009.04.07 08:33:23.143,1.22695,1.2279,1.60,1.60
2009.04.07 08:33:23.923,1.22695,1.2278,1.60,1.60
2009.04.07 08:33:24.383,1.2268,1.22775,1.60,1.60
2009.04.07 08:33:24.783,1.2268,1.22785,1.60,1.60
2009.04.07 08:33:25.013,1.2268,1.2279,1.60,3.20
2009.04.07 08:33:25.483,1.2266,1.2278,7.20,1.60
2009.04.07 08:33:26.183,1.2268,1.22775,1.60,1.60
2009.04.07 08:33:26.652,1.2268,1.22785,1.60,1.60
2009.04.07 08:33:28.932,1.22685,1.2279,1.60,3.20
2009.04.07 08:33:32.451,1.22685,1.22785,1.60,1.60
2009.04.07 08:33:33.801,1.22685,1.2279,1.60,3.20
2009.04.07 08:33:33.860,1.22695,1.2279,1.60,3.20
2009.04.07 08:33:34.421,1.22685,1.2279,1.60,1.60
2009.04.07 08:33:34.820,1.2268,1.22785,1.60,1.60
2009.04.07 08:33:35.170,1.22685,1.22785,1.60,1.60
2009.04.07 08:33:35.450,1.22685,1.2279,1.60,3.20
2009.04.07 08:33:35.670,1.22695,1.2279,1.60,3.20
2009.04.07 08:33:38.100,1.22675,1.22785,1.60,3.20
2009.04.07 08:33:38.909,1.2268,1.22785,1.60,1.60
2009.04.07 08:33:43.798,1.2266,1.2278,3.20,1.60
2009.04.07 08:33:44.129,1.2266,1.2278,1.60,1.60
2009.04.07 08:33:44.698,1.2266,1.2278,1.60,3.20
2009.04.07 08:33:46.927,1.2268,1.2278,1.60,3.20
2009.04.07 08:33:47.147,1.227,1.22785,1.60,1.60
2009.04.07 08:33:47.788,1.2271,1.22785,1.60,1.60
2009.04.07 08:33:48.077,1.2272,1.22785,1.60,1.60
2009.04.07 08:33:48.347,1.22725,1.22785,1.60,1.60
2009.04.07 08:33:48.647,1.22735,1.2286,1.60,5.60
2009.04.07 08:33:48.937,1.2273,1.2286,4.00,1.60
2009.04.07 08:33:49.217,1.2273,1.2285,1.60,4.00
2009.04.07 08:33:49.747,1.22695,1.2283,2.60,1.60
2009.04.07 08:33:50.157,1.22695,1.22815,1.20,1.60
2009.04.07 08:33:50.826,1.2268,1.22815,1.60,1.60
2009.04.07 08:33:51.167,1.22675,1.22805,3.20,5.60
2009.04.07 08:33:53.276,1.2268,1.22795,1.60,1.60
2009.04.07 08:33:53.696,1.22645,1.22785,3.20,1.60
2009.04.07 08:33:53.916,1.22645,1.2278,1.60,1.60
2009.04.07 08:33:54.196,1.22635,1.2277,3.20,5.60
2009.04.07 08:33:54.616,1.22645,1.2277,1.60,5.60
2009.04.07 08:33:54.846,1.2265,1.22765,1.60,5.60
2009.04.07 08:33:55.085,1.2265,1.22765,1.60,4.00
2009.04.07 08:33:55.555,1.2265,1.2277,3.20,1.60
2009.04.07 08:33:56.655,1.2265,1.2277,1.60,1.60
2009.04.07 08:33:58.145,1.22655,1.22765,1.60,5.60
2009.04.07 08:33:58.325,1.2265,1.22765,1.60,5.60
2009.04.07 08:33:58.565,1.22655,1.2277,1.60,3.20
2009.04.07 08:33:58.975,1.2265,1.22765,1.60,1.60
2009.04.07 08:33:59.094,1.2265,1.2277,1.60,1.60
2009.04.07 08:34:04.323,1.2266,1.2277,1.60,1.60
2009.04.07 08:34:05.893,1.22675,1.22775,1.60,1.60
2009.04.07 08:34:06.223,1.2267,1.22765,1.60,4.00
2009.04.07 08:34:08.912,1.2268,1.22765,1.60,4.00
2009.04.07 08:34:09.502,1.2268,1.22775,1.60,1.60
2009.04.07 08:34:10.132,1.2268,1.2278,1.60,1.60
2009.04.07 08:34:10.972,1.22675,1.22775,1.60,1.60
2009.04.07 08:34:11.332,1.22675,1.22795,1.60,1.60
2009.04.07 08:34:15.810,1.22675,1.22785,1.60,1.60
2009.04.07 08:34:16.340,1.22675,1.2278,1.60,1.60
2009.04.07 08:34:16.630,1.2268,1.22785,1.60,5.60
2009.04.07 08:34:17.250,1.2268,1.2278,1.60,1.60
2009.04.07 08:34:26.738,1.22675,1.2278,1.60,1.60
2009.04.07 08:34:33.246,1.22675,1.22785,1.60,1.60
2009.04.07 08:34:34.976,1.22675,1.2278,1.60,1.60
2009.04.07 08:34:35.326,1.22685,1.228,1.60,1.60
2009.04.07 08:34:35.676,1.2267,1.2279,1.60,4.00
2009.04.07 08:34:36.316,1.2267,1.228,3.20,1.60
2009.04.07 08:34:37.065,1.22685,1.22795,1.60,1.60
2009.04.07 08:34:37.635,1.2267,1.22795,3.20,1.60
2009.04.07 08:34:38.285,1.2267,1.22785,1.60,4.00
2009.04.07 08:34:39.455,1.22675,1.22785,1.60,5.60
2009.04.07 08:34:43.064,1.2267,1.22795,1.60,3.60
2009.04.07 08:34:43.584,1.2267,1.22785,1.60,1.60
2009.04.07 08:34:43.704,1.2267,1.2279,1.60,7.60
2009.04.07 08:34:43.934,1.2267,1.2279,1.60,5.60
2009.04.07 08:34:47.083,1.22675,1.22785,1.60,4.00
2009.04.07 08:34:55.451,1.22675,1.22785,1.60,5.60
2009.04.07 08:34:56.900,1.2267,1.22775,1.60,1.60
2009.04.07 08:34:57.360,1.2267,1.22765,1.60,4.00
2009.04.07 08:35:00.070,1.2267,1.2276,1.60,1.20
2009.04.07 08:35:00.360,1.2267,1.2275,1.60,1.60
2009.04.07 08:35:00.599,1.22645,1.2275,1.60,7.20
2009.04.07 08:35:00.940,1.22645,1.22735,1.60,1.60
2009.04.07 08:35:10.657,1.22655,1.22735,1.60,4.00
2009.04.07 08:35:10.887,1.22655,1.2276,1.60,5.60
2009.04.07 08:35:11.157,1.22655,1.22755,1.60,1.60
2009.04.07 08:35:23.754,1.22645,1.2275,1.60,3.20
2009.04.07 08:35:24.254,1.22645,1.22745,1.60,1.60
2009.04.07 08:35:24.664,1.22645,1.2274,1.60,1.60
2009.04.07 08:35:25.613,1.22645,1.22735,1.60,5.60
2009.04.07 08:35:25.904,1.22635,1.22735,1.60,5.60
2009.04.07 08:35:31.652,1.22645,1.22735,1.60,5.60
2009.04.07 08:35:32.152,1.2266,1.22735,1.60,1.60
2009.04.07 08:35:32.382,1.2267,1.22735,1.60,1.60
2009.04.07 08:35:32.722,1.2267,1.2276,1.60,1.60
2009.04.07 08:35:36.141,1.2268,1.2281,1.60,1.60
2009.04.07 08:35:36.481,1.2268,1.22805,1.60,3.60
2009.04.07 08:35:36.721,1.2268,1.228,1.60,1.60
2009.04.07 08:35:37.881,1.22685,1.22805,1.60,1.60
2009.04.07 08:35:38.401,1.2268,1.22795,1.60,4.00
2009.04.07 08:35:40.060,1.22675,1.22795,1.60,4.00
2009.04.07 08:35:40.510,1.2268,1.22795,1.60,4.00
2009.04.07 08:35:42.090,1.2266,1.2278,1.60,4.00
2009.04.07 08:35:42.609,1.22655,1.2278,2.60,4.00
2009.04.07 08:35:48.868,1.22665,1.22775,1.60,4.00
2009.04.07 08:35:49.698,1.22665,1.22775,3.20,4.00
2009.04.07 08:35:50.057,1.2267,1.228,1.60,5.60
2009.04.07 08:35:50.408,1.22665,1.2278,1.60,4.00
2009.04.07 08:35:50.757,1.2266,1.2278,4.20,4.00
2009.04.07 08:35:53.527,1.22675,1.22775,1.60,4.00
2009.04.07 08:35:53.646,1.22675,1.228,1.60,5.60
2009.04.07 08:35:53.977,1.22675,1.22795,1.60,1.60
2009.04.07 08:35:54.996,1.2268,1.22795,1.60,5.60
2009.04.07 08:35:55.266,1.2269,1.22795,1.60,4.00
2009.04.07 08:35:55.666,1.22685,1.228,1.60,1.60
2009.04.07 08:35:55.896,1.22685,1.22795,1.60,5.60
2009.04.07 08:35:56.986,1.22695,1.22795,1.60,5.60
2009.04.07 08:35:57.686,1.22695,1.22805,1.60,1.60
2009.04.07 08:35:58.986,1.22685,1.22795,1.60,4.00
2009.04.07 08:36:02.764,1.22685,1.22795,1.60,5.60
2009.04.07 08:36:04.674,1.22685,1.22795,1.60,4.00
2009.04.07 08:36:05.694,1.22695,1.22795,1.60,4.00
2009.04.07 08:36:06.104,1.22695,1.22805,1.60,1.60
2009.04.07 08:36:06.683,1.22685,1.22805,1.60,1.60
2009.04.07 08:36:06.953,1.22685,1.22785,1.60,1.60
2009.04.07 08:36:07.393,1.22645,1.22785,1.60,5.60
2009.04.07 08:36:09.353,1.22655,1.22775,3.20,5.60
2009.04.07 08:36:09.763,1.2266,1.2278,1.60,1.60
2009.04.07 08:36:11.013,1.2266,1.2278,1.60,2.80
2009.04.07 08:36:11.342,1.22655,1.22765,1.60,1.60
2009.04.07 08:36:13.882,1.22655,1.22755,1.60,1.60
2009.04.07 08:36:14.781,1.22635,1.22755,1.60,1.60
2009.04.07 08:36:15.241,1.22635,1.2275,1.60,1.60
2009.04.07 08:36:15.651,1.2265,1.2275,1.60,1.60
2009.04.07 08:36:16.211,1.22635,1.22755,1.60,1.60
2009.04.07 08:36:16.551,1.2263,1.2275,1.60,1.60
2009.04.07 08:36:17.001,1.2263,1.2274,1.60,4.00
2009.04.07 08:36:19.870,1.2264,1.22735,1.60,4.00
2009.04.07 08:36:20.160,1.2264,1.2274,1.60,1.60
2009.04.07 08:36:20.570,1.2264,1.22745,1.60,1.60
2009.04.07 08:36:20.860,1.2264,1.2275,1.60,1.60
2009.04.07 08:36:30.658,1.2264,1.22745,1.60,1.60
2009.04.07 08:36:41.335,1.2264,1.22755,1.60,3.20
2009.04.07 08:36:44.244,1.22635,1.22735,1.60,5.60
2009.04.07 08:36:44.704,1.22615,1.22735,1.60,8.40
2009.04.07 08:36:44.874,1.22615,1.2273,1.60,1.60
2009.04.07 08:36:46.734,1.2262,1.2275,3.20,1.60
2009.04.07 08:36:47.904,1.2262,1.22735,2.60,4.00
2009.04.07 08:36:48.133,1.22645,1.22735,1.60,1.60
2009.04.07 08:36:48.414,1.2263,1.22745,1.60,1.60
2009.04.07 08:36:48.823,1.22645,1.2275,1.60,1.60
2009.04.07 08:36:49.233,1.22635,1.22755,1.60,1.60
2009.04.07 08:36:49.523,1.2264,1.2275,1.60,1.60
2009.04.07 08:36:49.803,1.2264,1.22755,1.60,4.00
2009.04.07 08:36:51.652,1.22645,1.22755,1.60,5.60
2009.04.07 08:36:58.191,1.22645,1.2275,1.60,1.60
2009.04.07 08:36:59.121,1.2267,1.2275,1.60,1.60
2009.04.07 08:36:59.511,1.2267,1.22755,1.60,1.60
2009.04.07 08:36:59.691,1.2266,1.22755,1.60,1.60
2009.04.07 08:36:59.861,1.2266,1.22765,1.60,3.20
2009.04.07 08:37:00.261,1.22675,1.2276,1.60,1.60
2009.04.07 08:37:01.710,1.22685,1.22755,1.60,1.60
2009.04.07 08:37:03.000,1.2266,1.2272,1.60,1.60
2009.04.07 08:37:04.030,1.2268,1.2275,1.60,1.60
2009.04.07 08:37:04.420,1.2268,1.22795,1.60,3.20
2009.04.07 08:37:04.660,1.22685,1.22805,1.60,1.60
2009.04.07 08:37:05.129,1.22705,1.22805,1.60,3.20
2009.04.07 08:37:05.299,1.227,1.22795,1.60,1.60
2009.04.07 08:37:05.709,1.227,1.2282,1.60,1.60
2009.04.07 08:37:05.879,1.227,1.2282,1.60,3.60
2009.04.07 08:37:07.619,1.227,1.2281,1.60,1.60
2009.04.07 08:37:08.259,1.2268,1.2281,1.60,1.60
2009.04.07 08:37:08.888,1.22675,1.228,1.60,1.60
2009.04.07 08:37:09.329,1.22675,1.228,5.60,1.60
2009.04.07 08:37:09.508,1.22675,1.2279,4.00,1.60
2009.04.07 08:37:09.728,1.22675,1.22785,4.00,1.60
2009.04.07 08:37:09.958,1.22655,1.22785,1.20,1.60
2009.04.07 08:37:10.178,1.22655,1.2279,2.60,1.60
2009.04.07 08:37:11.498,1.22665,1.22785,1.20,1.60
2009.04.07 08:37:11.788,1.22665,1.2279,2.60,1.60
2009.04.07 08:37:19.366,1.22665,1.2279,1.60,1.60
2009.04.07 08:37:19.726,1.2266,1.22785,2.60,1.60
2009.04.07 08:37:21.546,1.2266,1.22785,1.60,1.60
2009.04.07 08:37:21.995,1.2266,1.22775,1.20,1.60
2009.04.07 08:37:22.215,1.2267,1.22805,1.60,1.60
2009.04.07 08:37:22.435,1.2266,1.22795,2.60,1.60
2009.04.07 08:37:22.665,1.2266,1.22795,1.60,1.60
2009.04.07 08:37:23.065,1.22655,1.22775,1.20,1.60
2009.04.07 08:37:23.125,1.22655,1.22785,2.60,1.60
2009.04.07 08:37:23.585,1.2266,1.22785,1.60,1.60
2009.04.07 08:37:23.985,1.22655,1.22775,1.20,1.60
2009.04.07 08:37:24.365,1.2265,1.22775,2.60,1.60
2009.04.07 08:37:26.364,1.2266,1.22785,1.60,1.60
2009.04.07 08:37:26.714,1.2265,1.22775,2.60,1.60
2009.04.07 08:37:28.044,1.2263,1.2276,1.20,1.60
2009.04.07 08:37:29.213,1.2264,1.22765,1.60,1.60
2009.04.07 08:37:29.563,1.2264,1.22765,2.60,1.60
2009.04.07 08:37:31.244,1.2265,1.22775,1.60,1.60
2009.04.07 08:37:31.723,1.22645,1.2277,1.60,1.60
2009.04.07 08:37:32.013,1.22655,1.2277,1.60,1.60
2009.04.07 08:37:32.413,1.22655,1.22765,1.60,1.60
2009.04.07 08:37:32.703,1.22685,1.2282,1.60,3.60
2009.04.07 08:37:33.033,1.2268,1.2282,1.60,3.60
2009.04.07 08:37:33.323,1.2268,1.2282,1.60,1.60
2009.04.07 08:37:34.433,1.2269,1.228,1.60,1.60
2009.04.07 08:37:34.732,1.22705,1.2281,1.60,3.60
2009.04.07 08:37:35.482,1.22705,1.2281,1.60,1.60
2009.04.07 08:37:36.872,1.2271,1.2281,1.60,2.80
2009.04.07 08:37:37.212,1.2269,1.2281,1.60,4.40
2009.04.07 08:37:37.452,1.2269,1.2281,1.60,3.20
2009.04.07 08:37:37.742,1.2269,1.22805,1.60,1.60
2009.04.07 08:37:41.341,1.22695,1.2281,1.60,1.60
2009.04.07 08:37:41.561,1.22695,1.22815,3.20,1.60
2009.04.07 08:37:41.781,1.22695,1.2281,1.60,1.60
2009.04.07 08:37:42.020,1.22705,1.2281,1.60,1.60
2009.04.07 08:37:42.480,1.22705,1.22815,1.60,1.60
2009.04.07 08:37:44.310,1.2271,1.22815,1.60,5.60
2009.04.07 08:37:44.650,1.2271,1.2281,1.60,1.60
2009.04.07 08:37:45.350,1.22685,1.22795,1.60,1.60
2009.04.07 08:37:45.879,1.2268,1.22795,1.60,4.80
2009.04.07 08:37:46.210,1.2269,1.2281,1.60,1.60
2009.04.07 08:37:47.749,1.22685,1.22795,1.60,3.20
2009.04.07 08:37:48.199,1.22685,1.22795,1.60,4.80
2009.04.07 08:37:50.628,1.22685,1.2279,1.60,3.20
2009.04.07 08:37:50.799,1.22685,1.22795,1.60,1.60
2009.04.07 08:37:51.098,1.22685,1.22815,3.20,1.60
2009.04.07 08:37:52.468,1.22685,1.22805,1.60,1.60
2009.04.07 08:37:53.318,1.22665,1.22795,1.60,1.60
2009.04.07 08:37:55.257,1.22665,1.2279,1.60,1.60
2009.04.07 08:37:55.477,1.2266,1.2278,3.20,1.60
2009.04.07 08:37:55.989,1.2266,1.2278,1.60,1.60
2009.04.07 08:37:56.458,1.2267,1.228,1.60,2.00
2009.04.07 08:37:58.056,1.2267,1.22795,1.60,3.60
2009.04.07 08:37:58.686,1.22705,1.22835,1.60,1.60
2009.04.07 08:37:59.586,1.22705,1.22825,1.60,1.60
2009.04.07 08:38:00.436,1.2272,1.2282,1.60,1.60
2009.04.07 08:38:01.126,1.2272,1.22815,1.60,1.60
2009.04.07 08:38:01.396,1.2273,1.22815,1.60,1.60
2009.04.07 08:38:01.796,1.2273,1.22825,1.60,1.60
2009.04.07 08:38:02.265,1.22725,1.22825,1.60,3.20
2009.04.07 08:38:02.496,1.2273,1.2282,1.60,1.60
2009.04.07 08:38:02.896,1.2274,1.2283,1.60,3.20
2009.04.07 08:38:03.115,1.2274,1.22825,1.60,2.80
2009.04.07 08:38:03.515,1.2272,1.22815,1.60,1.60
2009.04.07 08:38:03.805,1.227,1.2282,1.60,3.20
2009.04.07 08:38:04.106,1.227,1.2281,1.60,5.60
2009.04.07 08:38:04.525,1.2272,1.2281,1.60,4.00
2009.04.07 08:38:04.765,1.2273,1.22815,1.60,1.60
2009.04.07 08:38:05.095,1.2275,1.2285,1.60,1.60
2009.04.07 08:38:05.485,1.2275,1.2286,1.60,1.60
2009.04.07 08:38:06.165,1.22755,1.2284,1.60,1.60
2009.04.07 08:38:07.215,1.2278,1.2284,1.60,1.60
2009.04.07 08:38:07.435,1.22755,1.22835,5.60,1.60
2009.04.07 08:38:07.724,1.22755,1.22835,1.60,1.60
2009.04.07 08:38:09.234,1.22765,1.2286,1.60,1.60
2009.04.07 08:38:10.823,1.2276,1.22855,1.60,3.20
2009.04.07 08:38:11.053,1.22775,1.22855,1.60,1.60
2009.04.07 08:38:11.343,1.22755,1.22855,1.60,1.60
2009.04.07 08:38:11.573,1.22755,1.22855,1.60,3.20
2009.04.07 08:38:12.493,1.22765,1.2284,1.60,1.60
2009.04.07 08:38:13.543,1.2276,1.22835,1.60,1.60
2009.04.07 08:38:13.783,1.2276,1.22845,1.60,7.20
2009.04.07 08:38:14.013,1.2276,1.22845,1.60,8.80
2009.04.07 08:38:14.253,1.2276,1.22845,1.60,7.20
2009.04.07 08:38:15.352,1.22725,1.2283,1.60,4.00
2009.04.07 08:38:15.882,1.22695,1.2283,3.20,5.60
2009.04.07 08:38:16.272,1.22685,1.2281,1.60,4.00
2009.04.07 08:38:16.502,1.22675,1.2281,2.60,5.60
2009.04.07 08:38:18.322,1.22695,1.22805,1.20,5.60
2009.04.07 08:38:18.662,1.22705,1.22825,4.00,1.60
2009.04.07 08:38:18.952,1.22705,1.2283,4.00,1.60
2009.04.07 08:38:19.641,1.22705,1.22805,4.00,1.60
2009.04.07 08:38:19.931,1.22685,1.22825,1.60,5.60
2009.04.07 08:38:20.281,1.2269,1.22825,1.60,5.60
2009.04.07 08:38:20.791,1.2269,1.2282,1.60,1.60
2009.04.07 08:38:22.841,1.22685,1.2281,1.60,1.60
2009.04.07 08:38:23.141,1.22695,1.2283,1.60,1.60
2009.04.07 08:38:23.900,1.2269,1.22825,1.60,1.60
2009.04.07 08:38:24.470,1.22685,1.2281,1.60,1.60
2009.04.07 08:38:25.380,1.22675,1.228,2.60,1.60
2009.04.07 08:38:26.120,1.22675,1.228,1.60,1.60
2009.04.07 08:38:26.290,1.2267,1.2279,1.20,1.60
2009.04.07 08:38:27.349,1.22675,1.228,1.60,1.60
2009.04.07 08:38:27.789,1.22665,1.22785,1.20,1.60
2009.04.07 08:38:28.469,1.22675,1.2281,1.60,1.60
2009.04.07 08:38:29.169,1.22655,1.2279,2.60,1.60
2009.04.07 08:38:30.608,1.22655,1.22775,1.60,1.60
2009.04.07 08:38:31.528,1.22645,1.2277,1.60,1.60
2009.04.07 08:38:32.269,1.22655,1.2277,1.20,1.60
2009.04.07 08:38:32.498,1.22665,1.22805,1.60,1.60
2009.04.07 08:38:32.728,1.2268,1.22815,1.60,2.00
2009.04.07 08:38:33.349,1.2268,1.2282,1.60,1.60
2009.04.07 08:38:33.808,1.22695,1.2281,1.60,2.00
2009.04.07 08:38:34.098,1.2268,1.2281,1.60,3.60
2009.04.07 08:38:34.558,1.2266,1.22795,1.60,1.60
2009.04.07 08:38:35.148,1.2267,1.22805,1.60,1.60
2009.04.07 08:38:35.498,1.2266,1.22795,1.60,1.60
2009.04.07 08:38:35.897,1.22675,1.228,1.60,1.60
2009.04.07 08:38:36.257,1.2267,1.2279,1.20,1.60
2009.04.07 08:38:36.598,1.2269,1.2283,1.60,3.60
2009.04.07 08:38:37.107,1.2269,1.22825,1.60,2.00
2009.04.07 08:38:37.227,1.2268,1.22825,1.60,3.60
2009.04.07 08:38:38.627,1.227,1.22815,1.60,2.00
2009.04.07 08:38:39.227,1.227,1.22825,1.60,1.60
2009.04.07 08:38:39.736,1.2271,1.22835,1.60,3.60
2009.04.07 08:38:40.087,1.2271,1.22835,3.20,1.60
2009.04.07 08:38:40.426,1.2272,1.22845,1.60,2.00
2009.04.07 08:38:40.706,1.2272,1.2285,1.60,1.60
2009.04.07 08:38:42.616,1.22735,1.2284,1.60,1.20
2009.04.07 08:38:42.906,1.22735,1.2284,1.60,2.80
2009.04.07 08:38:43.366,1.2273,1.2284,1.60,4.40
2009.04.07 08:38:44.005,1.2273,1.22835,1.60,1.60
2009.04.07 08:38:46.025,1.2272,1.22835,1.60,5.20
2009.04.07 08:38:46.375,1.22725,1.22855,1.60,5.20
2009.04.07 08:38:46.725,1.22735,1.22855,1.60,1.60
2009.04.07 08:38:47.065,1.22735,1.2285,1.60,3.20
2009.04.07 08:38:50.344,1.2275,1.2283,1.60,1.60
2009.04.07 08:38:50.614,1.2276,1.2283,2.60,1.60
2009.04.07 08:38:50.904,1.2276,1.2286,2.60,1.60
2009.04.07 08:38:51.584,1.2278,1.229,1.60,2.00
2009.04.07 08:38:51.873,1.2277,1.2288,1.60,5.60
2009.04.07 08:38:52.143,1.2278,1.2292,1.60,1.00
2009.04.07 08:38:52.433,1.22795,1.2292,1.60,1.00
2009.04.07 08:38:52.954,1.22785,1.2292,5.60,1.00
2009.04.07 08:38:53.474,1.228,1.22905,1.60,2.00
2009.04.07 08:38:53.773,1.2279,1.229,4.00,1.60
2009.04.07 08:38:54.103,1.2278,1.2289,1.60,4.00
2009.04.07 08:38:54.223,1.2276,1.22885,4.00,1.60
2009.04.07 08:38:54.463,1.22755,1.22885,1.60,1.60
2009.04.07 08:38:54.793,1.2274,1.22855,5.60,1.60
2009.04.07 08:38:55.453,1.2274,1.2285,1.60,1.60
2009.04.07 08:38:55.733,1.22725,1.2283,1.60,1.60
2009.04.07 08:39:00.342,1.2267,1.2279,1.60,3.20
2009.04.07 08:39:00.752,1.22685,1.228,1.60,1.60
2009.04.07 08:39:01.101,1.22705,1.228,1.60,5.60
2009.04.07 08:39:02.041,1.22705,1.22795,1.60,4.00
2009.04.07 08:39:03.431,1.22695,1.22795,1.60,4.00
2009.04.07 08:39:08.330,1.227,1.22795,1.60,4.00
2009.04.07 08:39:08.610,1.22715,1.22815,1.60,1.60
2009.04.07 08:39:09.019,1.22715,1.22865,1.60,1.60
2009.04.07 08:39:09.300,1.22725,1.2287,1.60,2.00
2009.04.07 08:39:09.979,1.22735,1.22865,1.60,2.00
2009.04.07 08:39:10.269,1.22725,1.2285,1.60,1.60
2009.04.07 08:39:10.859,1.2273,1.22845,1.60,2.00
2009.04.07 08:39:11.079,1.22735,1.22845,1.60,2.00
2009.04.07 08:39:11.439,1.22725,1.2285,1.60,1.60
2009.04.07 08:39:12.289,1.2277,1.22855,1.60,1.60
2009.04.07 08:39:13.428,1.2279,1.22915,1.60,1.60
2009.04.07 08:39:13.958,1.22795,1.2292,1.60,4.40
2009.04.07 08:39:14.258,1.22795,1.2292,3.20,2.80
2009.04.07 08:39:14.548,1.22795,1.22905,1.60,2.80
2009.04.07 08:39:14.998,1.2279,1.229,1.60,2.00
2009.04.07 08:39:15.288,1.2279,1.22905,1.60,2.80
2009.04.07 08:39:15.628,1.22785,1.22905,3.20,2.80
2009.04.07 08:39:15.868,1.22785,1.229,1.60,1.60
2009.04.07 08:39:16.159,1.22785,1.229,1.60,3.60
2009.04.07 08:39:18.477,1.22785,1.22895,1.60,1.60
2009.04.07 08:39:18.927,1.22765,1.22885,1.60,2.00
2009.04.07 08:39:19.157,1.2277,1.22885,1.60,2.00
2009.04.07 08:39:19.447,1.2277,1.2288,1.60,1.60
2009.04.07 08:39:19.727,1.2277,1.22885,1.60,1.60
2009.04.07 08:39:20.067,1.22775,1.22885,1.60,2.80
2009.04.07 08:39:20.417,1.2273,1.22865,1.60,2.00
2009.04.07 08:39:20.756,1.2272,1.22865,1.60,3.60
2009.04.07 08:39:21.026,1.2272,1.2286,1.60,2.00
2009.04.07 08:39:21.486,1.22725,1.2285,3.20,3.60
2009.04.07 08:39:21.587,1.22735,1.2285,1.60,1.60
2009.04.07 08:39:22.057,1.22735,1.22855,1.60,3.60
2009.04.07 08:39:23.966,1.2274,1.2285,1.60,2.00
2009.04.07 08:39:24.476,1.2274,1.2285,1.60,1.60
2009.04.07 08:39:24.756,1.2273,1.2285,1.60,2.00
2009.04.07 08:39:25.326,1.2274,1.2285,1.60,3.60
2009.04.07 08:39:25.556,1.2274,1.2285,1.60,2.00
2009.04.07 08:39:25.785,1.2273,1.2285,1.60,2.00
2009.04.07 08:39:26.026,1.22725,1.2285,3.20,3.60
2009.04.07 08:39:27.565,1.22725,1.22845,3.20,2.00
2009.04.07 08:39:28.185,1.22715,1.2284,1.60,1.60
2009.04.07 08:39:28.415,1.2272,1.22845,1.60,1.60
2009.04.07 08:39:28.805,1.22725,1.2285,3.20,3.60
2009.04.07 08:39:29.204,1.22725,1.2285,3.20,1.60
2009.04.07 08:39:30.804,1.22735,1.22855,1.60,1.60
2009.04.07 08:39:33.993,1.22695,1.2284,2.60,1.60
2009.04.07 08:39:35.293,1.22705,1.2283,1.60,1.60
2009.04.07 08:39:35.463,1.227,1.22825,2.60,1.60
2009.04.07 08:39:37.263,1.22695,1.2282,2.60,1.60
2009.04.07 08:39:37.823,1.22705,1.2283,1.60,1.60
2009.04.07 08:39:38.593,1.22715,1.2284,1.60,1.60
2009.04.07 08:39:38.932,1.2271,1.22835,1.60,1.60
2009.04.07 08:39:39.502,1.22715,1.22835,4.00,1.60
2009.04.07 08:39:40.012,1.2272,1.22845,1.60,1.60
2009.04.07 08:39:40.312,1.2272,1.22845,1.60,3.60
2009.04.07 08:39:40.602,1.227,1.2283,3.20,4.00
2009.04.07 08:39:40.902,1.2271,1.22835,4.00,1.60
2009.04.07 08:39:41.251,1.22715,1.2285,1.60,1.60
2009.04.07 08:39:43.431,1.22715,1.2284,1.60,1.60
2009.04.07 08:39:43.771,1.22715,1.2284,3.20,1.60
2009.04.07 08:39:44.071,1.22725,1.2285,1.60,3.60
2009.04.07 08:39:44.351,1.22715,1.2284,1.60,1.60
2009.04.07 08:39:45.151,1.22715,1.2284,1.60,3.60
2009.04.07 08:39:47.560,1.22715,1.2283,1.60,2.00
2009.04.07 08:39:47.740,1.22705,1.2282,1.60,1.60
2009.04.07 08:39:47.950,1.22725,1.2282,1.60,1.60
2009.04.07 08:39:48.180,1.2273,1.22875,1.60,3.60
2009.04.07 08:39:48.420,1.22725,1.2287,5.60,1.60
2009.04.07 08:39:48.770,1.22725,1.2287,1.60,1.60
2009.04.07 08:39:50.010,1.22735,1.22845,1.60,4.00
2009.04.07 08:39:50.290,1.22725,1.22845,1.60,4.00
2009.04.07 08:39:52.449,1.22725,1.2283,1.60,2.00
2009.04.07 08:39:52.779,1.22725,1.2283,1.60,6.00
2009.04.07 08:39:53.069,1.227,1.2283,1.60,6.00
2009.04.07 08:39:53.359,1.22695,1.22825,1.60,1.60
2009.04.07 08:39:55.078,1.227,1.2281,1.60,2.00
2009.04.07 08:39:55.488,1.22655,1.22795,3.20,1.60
2009.04.07 08:39:55.828,1.2266,1.228,1.60,3.60
2009.04.07 08:39:56.408,1.2265,1.2279,1.60,1.60
2009.04.07 08:39:56.648,1.2266,1.22775,1.60,2.00
2009.04.07 08:39:56.998,1.22635,1.22765,1.60,1.60
2009.04.07 08:39:57.518,1.22685,1.22825,1.60,2.00
2009.04.07 08:39:57.868,1.227,1.22825,1.60,1.60
2009.04.07 08:39:58.678,1.22705,1.2282,3.20,2.00
2009.04.07 08:39:58.958,1.22705,1.2276,1.60,1.20
2009.04.07 08:39:59.257,1.22695,1.2275,1.60,1.60
2009.04.07 08:39:59.767,1.2264,1.22745,1.20,1.60
2009.04.07 08:40:00.117,1.22645,1.22795,2.20,1.60
2009.04.07 08:40:00.467,1.2267,1.22825,1.60,3.60
2009.04.07 08:40:01.357,1.22685,1.228,1.60,2.00
2009.04.07 08:40:01.647,1.2269,1.228,1.60,2.00
2009.04.07 08:40:02.417,1.22685,1.228,1.60,2.00
2009.04.07 08:40:03.866,1.2268,1.228,1.60,2.00
2009.04.07 08:40:04.436,1.22645,1.22785,1.60,1.60
2009.04.07 08:40:04.676,1.2264,1.22775,2.60,1.60
2009.04.07 08:40:05.426,1.22665,1.22795,1.20,1.60
2009.04.07 08:40:05.886,1.22665,1.22785,1.20,1.60
2009.04.07 08:40:06.176,1.22675,1.22815,1.60,1.60
2009.04.07 08:40:06.686,1.2269,1.2282,1.60,2.00
2009.04.07 08:40:06.986,1.22665,1.22805,1.60,1.60
2009.04.07 08:40:07.265,1.2267,1.228,1.60,1.60
2009.04.07 08:40:07.615,1.2267,1.228,2.60,1.60
2009.04.07 08:40:08.115,1.22675,1.228,1.60,1.60
2009.04.07 08:40:08.465,1.227,1.22825,1.60,2.00
2009.04.07 08:40:08.815,1.22695,1.2283,1.60,2.00
2009.04.07 08:40:09.395,1.227,1.2283,1.60,2.00
2009.04.07 08:40:09.616,1.22705,1.22825,1.60,2.00
2009.04.07 08:40:10.015,1.22705,1.2283,1.60,3.60
2009.04.07 08:40:10.465,1.2271,1.2283,1.60,2.00
2009.04.07 08:40:11.094,1.22715,1.22835,1.60,2.00
2009.04.07 08:40:12.244,1.22725,1.2284,1.60,2.00
2009.04.07 08:40:12.934,1.2272,1.2284,1.60,2.00
2009.04.07 08:40:13.494,1.2272,1.22845,1.60,1.60
2009.04.07 08:40:13.964,1.2273,1.22865,3.20,1.60
2009.04.07 08:40:14.433,1.22735,1.2287,1.60,1.60
2009.04.07 08:40:14.964,1.22745,1.22865,1.60,1.60
2009.04.07 08:40:15.434,1.2275,1.2288,3.20,1.60
2009.04.07 08:40:16.253,1.22755,1.22885,1.60,3.60
2009.04.07 08:40:16.473,1.2276,1.2288,1.60,2.00
2009.04.07 08:40:16.933,1.2274,1.2287,3.20,1.60
2009.04.07 08:40:17.983,1.2274,1.22865,3.20,1.60
2009.04.07 08:40:20.382,1.22735,1.2286,3.20,1.60
2009.04.07 08:40:25.291,1.2275,1.2286,1.60,1.60
2009.04.07 08:40:25.571,1.2275,1.22865,1.60,1.60
2009.04.07 08:40:26.041,1.22755,1.22865,1.60,1.60
2009.04.07 08:40:26.331,1.2276,1.22875,1.60,1.60
2009.04.07 08:40:26.790,1.22765,1.22875,4.00,1.60
2009.04.07 08:40:28.370,1.2278,1.22885,1.60,1.60
2009.04.07 08:40:28.950,1.2278,1.2291,1.60,4.40
2009.04.07 08:40:29.250,1.22775,1.22905,1.60,3.60
2009.04.07 08:40:29.530,1.2277,1.22885,1.60,1.60
2009.04.07 08:40:35.468,1.2279,1.2289,1.60,1.60
2009.04.07 08:40:37.008,1.22755,1.22875,5.60,4.40
2009.04.07 08:40:37.298,1.22755,1.22865,1.60,1.60
2009.04.07 08:40:37.528,1.22755,1.2287,1.60,1.60
2009.04.07 08:40:38.098,1.2278,1.2286,1.60,1.60
2009.04.07 08:40:38.448,1.2278,1.22865,1.60,2.80
2009.04.07 08:40:38.798,1.2278,1.22855,1.60,1.60
2009.04.07 08:40:39.658,1.22785,1.22855,1.60,2.80
2009.04.07 08:40:39.957,1.2276,1.22855,1.60,2.80
2009.04.07 08:40:40.127,1.2276,1.2285,1.60,2.80
2009.04.07 08:40:40.727,1.22755,1.22845,1.60,1.60
2009.04.07 08:40:41.017,1.2277,1.2287,1.60,1.60
2009.04.07 08:40:41.947,1.2278,1.229,1.60,3.60
2009.04.07 08:40:43.937,1.22775,1.2289,1.60,3.60
2009.04.07 08:40:44.396,1.22775,1.22885,1.60,1.60
2009.04.07 08:40:44.856,1.22765,1.22885,4.00,1.60
2009.04.07 08:40:45.246,1.22765,1.2288,5.60,2.00
2009.04.07 08:40:45.426,1.22755,1.22875,1.60,1.60
2009.04.07 08:40:48.115,1.22755,1.22875,1.60,1.60
2009.04.07 08:40:48.685,1.2281,1.229,1.60,4.00
2009.04.07 08:40:49.275,1.2279,1.2291,4.00,1.00
2009.04.07 08:40:49.565,1.2278,1.2291,1.60,4.40
2009.04.07 08:40:49.675,1.22765,1.2291,1.60,4.40
2009.04.07 08:40:50.126,1.22745,1.22885,1.60,1.60
2009.04.07 08:40:50.455,1.22745,1.2289,3.20,1.60
2009.04.07 08:40:51.925,1.22765,1.2288,1.60,1.60
2009.04.07 08:40:52.205,1.22765,1.2288,5.60,1.60
2009.04.07 08:40:52.444,1.22765,1.2289,7.20,1.60
2009.04.07 08:40:53.824,1.22765,1.2289,7.20,3.60
2009.04.07 08:41:00.342,1.22765,1.22885,5.60,2.00
2009.04.07 08:41:00.572,1.22765,1.2288,4.00,1.60
2009.04.07 08:41:00.862,1.2271,1.22855,1.60,1.60
2009.04.07 08:41:01.573,1.22685,1.22835,2.60,1.60
2009.04.07 08:41:02.672,1.227,1.22815,1.20,1.60
2009.04.07 08:41:11.160,1.22675,1.228,1.20,1.60
2009.04.07 08:41:11.490,1.22695,1.2283,1.60,1.60
2009.04.07 08:41:11.830,1.22685,1.22825,1.60,1.60
2009.04.07 08:41:12.309,1.2268,1.2282,1.60,1.60
2009.04.07 08:41:12.669,1.2268,1.228,2.60,1.60
2009.04.07 08:41:13.239,1.2268,1.228,1.20,1.60
2009.04.07 08:41:13.529,1.22735,1.2287,1.60,8.00
2009.04.07 08:41:13.819,1.2273,1.22845,1.60,2.00
2009.04.07 08:41:14.169,1.22705,1.22815,1.60,1.60
2009.04.07 08:41:14.469,1.22705,1.22805,1.60,1.60
2009.04.07 08:41:14.579,1.2271,1.2279,1.20,1.60
2009.04.07 08:41:15.959,1.2265,1.2279,1.60,1.60
2009.04.07 08:41:16.488,1.2264,1.2278,2.60,1.60
2009.04.07 08:41:17.028,1.2271,1.2278,1.20,1.60
2009.04.07 08:41:17.388,1.22715,1.2278,1.20,1.60
2009.04.07 08:41:18.368,1.2273,1.22765,1.20,1.60
2009.04.07 08:41:18.958,1.2273,1.2278,1.20,1.60
2009.04.07 08:41:19.198,1.2273,1.22785,1.20,1.60
2009.04.07 08:41:21.107,1.2271,1.2278,1.20,1.60
2009.04.07 08:41:22.017,1.2271,1.2277,1.20,1.60
2009.04.07 08:41:23.037,1.22715,1.2277,2.40,1.60
2009.04.07 08:41:23.387,1.2273,1.2277,1.20,1.60
2009.04.07 08:41:23.688,1.2273,1.22775,1.20,1.60
2009.04.07 08:41:24.467,1.2271,1.22775,1.20,1.60
2009.04.07 08:41:24.697,1.22695,1.22775,1.20,1.60
2009.04.07 08:41:25.606,1.22695,1.2276,1.20,1.60
2009.04.07 08:41:26.916,1.2272,1.2279,1.20,3.60
2009.04.07 08:41:27.186,1.2272,1.2279,1.20,1.60
2009.04.07 08:41:27.506,1.2272,1.22795,1.20,1.60
2009.04.07 08:41:27.746,1.2272,1.22825,1.20,2.00
2009.04.07 08:41:29.375,1.2273,1.2282,1.20,1.60
2009.04.07 08:41:29.545,1.2272,1.2284,2.80,2.00
2009.04.07 08:41:30.695,1.22745,1.2287,1.60,3.40
2009.04.07 08:41:32.645,1.2272,1.22855,1.60,1.60
2009.04.07 08:41:32.925,1.22715,1.22845,4.00,1.60
2009.04.07 08:41:33.335,1.22705,1.22845,1.60,1.60
2009.04.07 08:41:33.564,1.22715,1.22835,1.20,1.60
2009.04.07 08:41:34.434,1.22705,1.2283,5.40,1.60
2009.04.07 08:41:34.664,1.22705,1.2283,3.80,1.60
2009.04.07 08:41:35.364,1.22705,1.22825,3.80,1.60
2009.04.07 08:41:35.604,1.22705,1.2283,9.40,1.60
2009.04.07 08:41:36.354,1.22705,1.2283,7.80,1.60
2009.04.07 08:41:36.943,1.22705,1.2283,2.60,1.60
2009.04.07 08:41:37.293,1.22705,1.22825,1.20,1.60
2009.04.07 08:41:38.953,1.227,1.22825,1.60,2.80
2009.04.07 08:41:39.293,1.227,1.2282,1.60,1.60
2009.04.07 08:41:40.803,1.227,1.2281,1.60,2.00
2009.04.07 08:41:41.182,1.227,1.2279,1.20,1.60
2009.04.07 08:41:43.602,1.227,1.22775,1.20,1.60
2009.04.07 08:41:45.092,1.227,1.22785,1.20,1.60
2009.04.07 08:41:46.632,1.227,1.2279,1.20,1.60
2009.04.07 08:41:46.981,1.2271,1.22795,1.20,1.60
2009.04.07 08:41:47.331,1.22695,1.2279,1.20,1.60
2009.04.07 08:41:47.911,1.22695,1.22785,1.20,1.60
2009.04.07 08:41:50.170,1.2271,1.22785,1.60,1.60
2009.04.07 08:41:50.470,1.22725,1.22785,5.60,1.60
2009.04.07 08:41:50.700,1.22725,1.2287,5.60,1.60
2009.04.07 08:41:54.069,1.22735,1.2284,4.00,1.60
2009.04.07 08:41:54.349,1.2273,1.2286,1.60,3.60
2009.04.07 08:41:54.680,1.2271,1.2285,7.20,1.60
2009.04.07 08:41:55.909,1.22715,1.22835,7.20,1.20
2009.04.07 08:41:56.249,1.22715,1.2283,5.60,1.60
2009.04.07 08:41:56.589,1.22705,1.2282,1.20,1.60
2009.04.07 08:41:56.939,1.227,1.2282,2.60,1.60
2009.04.07 08:41:58.249,1.2271,1.2282,1.60,1.60
2009.04.07 08:41:58.718,1.22715,1.2281,4.00,2.00
2009.04.07 08:41:58.998,1.2267,1.22795,2.80,1.60
2009.04.07 08:41:59.298,1.2268,1.22795,1.20,1.60
2009.04.07 08:41:59.878,1.2268,1.2279,1.20,1.60
2009.04.07 08:42:00.608,1.2269,1.2277,1.20,1.60
2009.04.07 08:42:02.088,1.2269,1.22755,1.20,1.60
2009.04.07 08:42:02.368,1.2269,1.22745,1.20,1.60
2009.04.07 08:42:02.667,1.2269,1.22735,1.20,1.60
2009.04.07 08:42:02.967,1.227,1.22735,1.20,1.60
2009.04.07 08:42:03.437,1.227,1.2274,1.20,3.60
2009.04.07 08:42:03.777,1.2268,1.22725,1.20,1.60
2009.04.07 08:42:04.067,1.22695,1.2274,1.20,1.60
2009.04.07 08:42:05.607,1.227,1.2272,1.20,1.60
2009.04.07 08:42:07.676,1.227,1.22715,1.20,1.60
2009.04.07 08:42:10.746,1.227,1.2277,1.20,2.00
2009.04.07 08:42:11.915,1.2274,1.22845,1.60,1.60
2009.04.07 08:42:12.325,1.2275,1.22785,1.60,2.00
2009.04.07 08:42:12.625,1.2275,1.2287,1.60,3.60
2009.04.07 08:42:12.985,1.2274,1.2287,1.60,3.60
2009.04.07 08:42:14.125,1.2274,1.2284,1.60,2.00
2009.04.07 08:42:14.854,1.2274,1.2284,1.60,2.00
2009.04.07 08:42:15.084,1.2275,1.22845,1.60,6.00
2009.04.07 08:42:15.304,1.2276,1.22845,1.60,2.00
2009.04.07 08:42:15.544,1.2276,1.2285,1.60,2.00
2009.04.07 08:42:15.774,1.2275,1.2285,1.60,2.00
2009.04.07 08:42:20.453,1.2271,1.22825,1.60,1.20
2009.04.07 08:42:20.623,1.2271,1.22815,1.60,1.60
2009.04.07 08:42:24.152,1.22705,1.22815,1.60,1.60
2009.04.07 08:42:24.662,1.22705,1.2281,1.60,1.60
2009.04.07 08:42:25.122,1.227,1.2281,1.60,1.60
2009.04.07 08:42:25.402,1.22705,1.2283,5.60,1.60
2009.04.07 08:42:25.842,1.2272,1.2284,4.00,1.60
2009.04.07 08:42:26.182,1.2272,1.2285,5.60,2.00
2009.04.07 08:42:26.412,1.2272,1.2284,5.60,2.00
2009.04.07 08:42:26.942,1.2273,1.2284,1.60,2.00
2009.04.07 08:42:27.461,1.2274,1.2286,4.00,2.00
2009.04.07 08:42:27.641,1.22735,1.2286,1.60,2.00
2009.04.07 08:42:28.611,1.22735,1.2285,1.60,2.00
2009.04.07 08:42:29.011,1.2273,1.2285,1.60,3.60
2009.04.07 08:42:29.131,1.2274,1.22855,4.00,3.60
2009.04.07 08:42:29.481,1.2274,1.2285,4.00,1.60
2009.04.07 08:42:29.761,1.22725,1.2285,1.60,1.60
2009.04.07 08:42:30.041,1.2275,1.2286,1.60,1.60
2009.04.07 08:42:30.341,1.2274,1.2286,1.60,1.60
2009.04.07 08:42:30.681,1.22745,1.2285,4.00,2.00
2009.04.07 08:42:31.080,1.2275,1.2286,1.60,2.00
2009.04.07 08:42:31.530,1.2276,1.2285,1.60,1.60
2009.04.07 08:42:31.830,1.2276,1.2287,1.60,3.60
2009.04.07 08:42:32.350,1.2276,1.2287,1.60,1.60
2009.04.07 08:42:33.160,1.22765,1.22865,1.60,2.80
2009.04.07 08:42:33.570,1.22755,1.2286,1.60,1.60
2009.04.07 08:42:33.910,1.22755,1.22855,1.60,2.80
2009.04.07 08:42:34.540,1.2273,1.2285,1.60,3.60
2009.04.07 08:42:34.940,1.22725,1.22855,3.20,5.60
2009.04.07 08:42:35.239,1.22725,1.22855,3.20,1.60
2009.04.07 08:42:36.689,1.2273,1.2284,1.60,1.60
2009.04.07 08:42:37.209,1.2273,1.2284,1.60,5.60
2009.04.07 08:42:37.559,1.2274,1.22845,1.60,3.20
2009.04.07 08:42:37.909,1.2274,1.2284,1.60,1.60
2009.04.07 08:42:40.128,1.2273,1.22855,3.20,1.60
2009.04.07 08:42:40.358,1.2273,1.22855,1.60,1.60
2009.04.07 08:42:41.268,1.22725,1.2284,7.20,1.20
2009.04.07 08:42:41.668,1.22725,1.22825,5.60,1.60
2009.04.07 08:42:41.958,1.22735,1.22855,3.20,1.60
2009.04.07 08:42:42.698,1.22735,1.22855,1.60,1.60
2009.04.07 08:42:43.657,1.2271,1.2284,2.60,1.60
2009.04.07 08:42:43.937,1.2273,1.22845,1.60,5.60
2009.04.07 08:42:44.397,1.227,1.22825,1.60,4.00
2009.04.07 08:42:44.677,1.22685,1.22825,1.60,4.00
2009.04.07 08:42:46.577,1.227,1.22815,1.60,4.00
2009.04.07 08:42:47.147,1.227,1.22825,1.60,4.00
2009.04.07 08:42:48.096,1.22685,1.22815,1.60,1.60
2009.04.07 08:42:52.306,1.22695,1.228,1.60,4.00
2009.04.07 08:42:52.755,1.22715,1.228,1.60,4.00
2009.04.07 08:42:53.095,1.22735,1.2287,1.60,2.00
2009.04.07 08:42:53.375,1.2274,1.2287,4.00,2.00
2009.04.07 08:42:53.845,1.2274,1.22855,4.00,2.00
2009.04.07 08:42:54.185,1.2271,1.2284,3.20,2.00
2009.04.07 08:42:54.425,1.22715,1.22845,5.60,2.00
2009.04.07 08:42:59.204,1.22725,1.22815,5.60,1.20
2009.04.07 08:42:59.614,1.22725,1.2285,5.60,2.00
2009.04.07 08:42:59.674,1.22725,1.2282,1.60,4.00
2009.04.07 08:42:59.954,1.22725,1.22865,5.60,3.20
2009.04.07 08:43:02.433,1.227,1.2282,1.60,4.00
2009.04.07 08:43:02.793,1.227,1.2281,1.60,2.80
2009.04.07 08:43:03.922,1.22715,1.2282,1.60,1.60
2009.04.07 08:43:04.212,1.2272,1.22845,5.60,2.00
2009.04.07 08:43:04.722,1.2272,1.22855,5.60,3.60
2009.04.07 08:43:06.032,1.22725,1.22815,5.60,1.20
2009.04.07 08:43:06.322,1.22725,1.22815,4.00,2.80
2009.04.07 08:43:06.662,1.227,1.22815,4.00,2.80
2009.04.07 08:43:06.902,1.22695,1.22815,1.60,2.80
2009.04.07 08:43:09.891,1.227,1.228,1.60,1.60
2009.04.07 08:43:10.291,1.22705,1.2281,1.60,4.40
2009.04.07 08:43:10.461,1.22705,1.2281,1.60,2.80
2009.04.07 08:43:10.691,1.22705,1.2281,1.60,1.60
2009.04.07 08:43:10.981,1.22715,1.2282,1.60,3.20
2009.04.07 08:43:11.151,1.2272,1.2282,1.60,1.60
2009.04.07 08:43:11.441,1.22725,1.2286,5.60,3.60
