2015.09.09 03:00:00.104,1.10342,1.10364,1.00,1.00
2015.09.09 03:00:00.609,1.10343,1.10365,1.00,1.00
2015.09.09 03:00:01.105,1.10343,1.10368,1.00,1.00
2015.09.09 03:00:01.905,1.10338,1.10368,1.00,1.00
2015.09.09 03:00:01.956,1.10338,1.10371,1.37,1.37
2015.09.09 03:00:02.057,1.10338,1.10375,1.50,1.37
2015.09.09 03:00:02.108,1.10344,1.10378,1.00,2.25
2015.09.09 03:00:02.384,1.10349,1.10382,1.00,1.50
2015.09.09 03:00:02.739,1.10355,1.10385,1.00,1.75
2015.09.09 03:00:02.790,1.10355,1.10385,1.00,1.37
2015.09.09 03:00:02.841,1.10355,1.10385,1.00,1.00
2015.09.09 03:00:03.094,1.10357,1.10385,1.00,1.00
2015.09.09 03:00:03.196,1.10351,1.10386,1.50,1.00
2015.09.09 03:00:03.991,1.10351,1.10388,1.87,1.37
2015.09.09 03:00:04.042,1.10351,1.10388,2.25,1.00
2015.09.09 03:00:05.540,1.10352,1.1039,1.75,1.12
2015.09.09 03:00:05.592,1.10354,1.1039,1.87,1.00
2015.09.09 03:00:06.624,1.10358,1.10394,1.00,2.25
2015.09.09 03:00:06.675,1.10356,1.10394,1.75,1.87
2015.09.09 03:00:13.636,1.10356,1.10391,1.50,1.00
2015.09.09 03:00:13.738,1.10356,1.10389,1.50,1.00
2015.09.09 03:00:13.940,1.10351,1.10389,1.75,2.25
2015.09.09 03:00:16.112,1.10356,1.10389,1.00,2.25
2015.09.09 03:00:16.416,1.10357,1.10387,1.75,1.00
2015.09.09 03:00:16.518,1.10357,1.10394,1.75,1.12
2015.09.09 03:00:17.029,1.10357,1.10393,2.25,1.00
2015.09.09 03:00:18.810,1.10365,1.10393,1.00,1.00
2015.09.09 03:00:18.911,1.10365,1.10396,1.00,1.87
2015.09.09 03:00:19.012,1.10357,1.10396,1.75,1.37
2015.09.09 03:00:19.063,1.10357,1.10393,1.75,1.00
2015.09.09 03:00:20.075,1.10358,1.10396,1.50,2.25
2015.09.09 03:00:20.378,1.1036,1.10396,1.37,1.37
2015.09.09 03:00:20.884,1.10368,1.10396,1.50,1.00
2015.09.09 03:00:20.986,1.10368,1.10401,1.00,2.25
2015.09.09 03:00:21.189,1.10364,1.10401,1.12,1.75
2015.09.09 03:00:21.391,1.10363,1.10394,1.50,1.00
2015.09.09 03:00:21.925,1.10364,1.10394,1.00,1.00
2015.09.09 03:00:22.127,1.10364,1.10397,1.00,1.00
2015.09.09 03:00:22.289,1.10364,1.10395,1.00,1.00
2015.09.09 03:00:22.345,1.1036,1.10394,1.00,1.00
2015.09.09 03:00:24.126,1.1036,1.10397,1.50,1.00
2015.09.09 03:00:24.227,1.10362,1.10397,1.00,1.00
2015.09.09 03:00:24.530,1.10366,1.10402,1.50,1.50
2015.09.09 03:00:25.137,1.10365,1.10401,1.00,1.00
2015.09.09 03:00:25.376,1.10365,1.10396,1.00,1.00
2015.09.09 03:00:25.580,1.10365,1.10398,1.00,1.50
2015.09.09 03:00:25.883,1.10365,1.104,1.00,1.00
2015.09.09 03:00:25.985,1.10365,1.10402,1.50,1.00
2015.09.09 03:00:29.246,1.10377,1.10402,1.00,1.00
2015.09.09 03:00:29.457,1.10379,1.10405,1.12,1.00
2015.09.09 03:00:29.508,1.10379,1.10413,1.37,1.00
2015.09.09 03:00:29.711,1.10389,1.10419,1.00,1.12
2015.09.09 03:00:29.812,1.1039,1.10429,1.67,1.75
2015.09.09 03:00:30.066,1.10402,1.10435,1.50,1.00
2015.09.09 03:00:30.117,1.10401,1.10432,1.75,1.00
2015.09.09 03:00:30.168,1.10403,1.10438,1.37,1.87
2015.09.09 03:00:30.219,1.10403,1.10438,1.00,2.62
2015.09.09 03:00:30.270,1.10397,1.10429,1.00,1.00
2015.09.09 03:00:30.422,1.10393,1.10429,1.00,1.00
2015.09.09 03:00:30.748,1.10393,1.10433,1.00,3.00
2015.09.09 03:00:30.798,1.10389,1.10433,1.50,3.00
2015.09.09 03:00:31.001,1.10389,1.10434,1.87,3.75
2015.09.09 03:00:31.052,1.10389,1.10434,2.25,2.25
2015.09.09 03:00:38.322,1.10388,1.10432,1.50,2.25
2015.09.09 03:00:38.515,1.10387,1.10432,3.00,1.75
2015.09.09 03:00:39.023,1.10389,1.1043,1.00,2.25
2015.09.09 03:00:39.528,1.10386,1.10429,1.75,1.75
2015.09.09 03:00:41.915,1.10383,1.10424,1.75,1.37
2015.09.09 03:00:42.017,1.10382,1.10424,1.75,1.75
2015.09.09 03:00:45.877,1.10378,1.10417,1.75,1.00
2015.09.09 03:00:45.979,1.10376,1.10417,1.75,3.00
2015.09.09 03:00:46.030,1.10372,1.10412,1.75,1.60
2015.09.09 03:00:46.181,1.10369,1.10405,1.37,1.37
2015.09.09 03:00:46.232,1.10368,1.10402,2.32,1.00
2015.09.09 03:00:46.333,1.10368,1.10406,1.50,1.50
2015.09.09 03:00:46.867,1.1037,1.10405,1.37,1.00
2015.09.09 03:00:46.918,1.1037,1.10412,1.75,1.87
2015.09.09 03:00:47.323,1.10374,1.10415,1.50,1.37
2015.09.09 03:00:47.425,1.10376,1.10418,1.75,1.12
2015.09.09 03:00:47.627,1.10376,1.10418,2.25,1.37
2015.09.09 03:00:47.678,1.10376,1.10418,2.25,1.75
2015.09.09 03:00:49.840,1.10379,1.10415,1.00,1.12
2015.09.09 03:00:54.135,1.10382,1.10418,1.37,1.37
2015.09.09 03:00:54.236,1.10382,1.10418,1.50,1.00
2015.09.09 03:00:54.550,1.10383,1.10422,1.12,1.75
2015.09.09 03:00:54.651,1.10384,1.10427,1.37,1.75
2015.09.09 03:00:54.702,1.10388,1.10425,1.00,1.00
2015.09.09 03:00:57.134,1.10384,1.10426,1.37,3.00
2015.09.09 03:00:57.236,1.10382,1.10418,1.00,1.00
2015.09.09 03:01:00.632,1.10382,1.10414,1.00,1.00
2015.09.09 03:01:00.855,1.10382,1.10418,1.00,1.00
2015.09.09 03:01:01.156,1.10378,1.10419,1.75,1.87
2015.09.09 03:01:01.308,1.10378,1.10422,3.75,1.37
2015.09.09 03:01:01.561,1.10381,1.10422,1.87,1.37
2015.09.09 03:01:01.612,1.10381,1.10422,1.50,1.75
2015.09.09 03:01:01.966,1.10382,1.10417,1.37,1.50
2015.09.09 03:01:02.471,1.10381,1.10418,1.50,1.37
2015.09.09 03:01:06.045,1.10384,1.10422,1.00,1.75
2015.09.09 03:01:06.348,1.10391,1.10426,1.00,1.50
2015.09.09 03:01:08.423,1.10392,1.10427,1.00,2.25
2015.09.09 03:01:08.474,1.10392,1.10427,1.12,1.87
2015.09.09 03:01:08.576,1.10389,1.10428,1.75,1.00
2015.09.09 03:01:08.677,1.10389,1.10427,1.37,1.37
2015.09.09 03:01:08.728,1.10389,1.10422,1.00,1.00
2015.09.09 03:01:08.780,1.10386,1.10422,1.50,1.00
2015.09.09 03:01:08.882,1.10389,1.10422,1.00,1.00
2015.09.09 03:01:09.034,1.10389,1.10429,1.75,2.25
2015.09.09 03:01:09.085,1.10393,1.10429,1.37,1.87
2015.09.09 03:01:09.136,1.10393,1.10429,1.50,1.00
2015.09.09 03:01:09.307,1.10393,1.10431,1.50,1.87
2015.09.09 03:01:10.118,1.10396,1.10435,1.00,1.75
2015.09.09 03:01:10.422,1.10401,1.10436,1.12,1.12
2015.09.09 03:01:14.639,1.10398,1.10434,1.75,1.00
2015.09.09 03:01:21.803,1.104,1.10434,1.00,1.37
2015.09.09 03:01:22.667,1.10399,1.10435,1.00,1.75
2015.09.09 03:01:22.870,1.10399,1.10438,1.75,1.75
2015.09.09 03:01:23.174,1.10398,1.10434,1.75,1.00
2015.09.09 03:01:23.377,1.10393,1.1043,1.75,1.12
2015.09.09 03:01:30.850,1.10396,1.10433,1.00,2.25
2015.09.09 03:01:30.902,1.10396,1.10433,1.37,1.37
2015.09.09 03:01:30.960,1.10396,1.10434,1.75,1.00
2015.09.09 03:01:31.214,1.104,1.10439,1.37,1.87
2015.09.09 03:01:31.265,1.10403,1.10439,1.00,1.50
2015.09.09 03:01:31.316,1.10399,1.10439,1.75,1.87
2015.09.09 03:01:31.367,1.10399,1.10439,1.50,2.25
2015.09.09 03:01:31.921,1.10398,1.10434,1.75,1.00
2015.09.09 03:01:32.032,1.10395,1.10433,1.37,1.37
2015.09.09 03:01:32.083,1.10394,1.10431,1.00,1.00
2015.09.09 03:01:34.415,1.10393,1.10432,1.37,1.75
2015.09.09 03:01:34.568,1.10392,1.10427,1.00,1.50
2015.09.09 03:01:34.670,1.10391,1.10423,1.00,1.00
2015.09.09 03:01:34.772,1.10384,1.10423,2.25,1.50
2015.09.09 03:01:35.399,1.10384,1.1042,1.50,1.00
2015.09.09 03:01:41.882,1.10384,1.10422,1.50,1.12
2015.09.09 03:01:42.784,1.1039,1.10421,1.00,1.00
2015.09.09 03:01:43.290,1.10385,1.10423,1.12,2.25
2015.09.09 03:01:43.495,1.10389,1.10423,1.00,1.00
2015.09.09 03:01:43.546,1.10389,1.10426,1.00,1.00
2015.09.09 03:01:44.624,1.10389,1.10425,1.00,1.00
2015.09.09 03:01:44.675,1.10389,1.10419,1.00,1.00
2015.09.09 03:01:44.885,1.10389,1.10425,1.00,1.00
2015.09.09 03:01:45.387,1.10389,1.10423,1.00,1.00
2015.09.09 03:01:47.449,1.10384,1.10423,1.75,1.87
2015.09.09 03:01:47.500,1.10384,1.10423,1.75,2.25
2015.09.09 03:01:47.652,1.10391,1.10421,1.00,1.12
2015.09.09 03:01:47.754,1.10384,1.10421,1.75,1.12
2015.09.09 03:01:48.585,1.10382,1.10417,1.75,1.00
2015.09.09 03:01:48.888,1.10382,1.10417,1.00,1.00
2015.09.09 03:01:49.041,1.10382,1.10421,1.37,2.25
2015.09.09 03:01:49.092,1.10382,1.10421,1.75,1.87
2015.09.09 03:01:49.714,1.10382,1.1042,1.75,1.50
2015.09.09 03:01:50.221,1.10382,1.10421,1.75,1.87
2015.09.09 03:01:50.828,1.10382,1.10419,1.75,1.00
2015.09.09 03:01:51.131,1.10381,1.10417,1.37,1.37
2015.09.09 03:01:51.308,1.10377,1.10413,1.50,1.12
2015.09.09 03:01:51.612,1.10377,1.10411,1.50,1.00
2015.09.09 03:01:52.120,1.10377,1.1041,1.50,1.00
2015.09.09 03:01:52.626,1.10377,1.10411,1.50,1.00
2015.09.09 03:01:53.578,1.10377,1.1041,1.50,1.00
2015.09.09 03:01:54.081,1.10377,1.10411,1.50,1.50
2015.09.09 03:01:57.087,1.10376,1.10413,2.25,1.12
2015.09.09 03:01:57.239,1.10377,1.10416,1.50,1.37
2015.09.09 03:01:57.290,1.10377,1.10417,1.75,1.12
2015.09.09 03:01:57.644,1.10382,1.10414,1.37,1.00
2015.09.09 03:01:58.181,1.10382,1.10418,1.37,1.87
2015.09.09 03:02:01.837,1.10382,1.10418,1.37,1.00
2015.09.09 03:02:07.971,1.10385,1.10421,1.50,1.87
2015.09.09 03:02:08.274,1.10387,1.1042,1.87,1.00
2015.09.09 03:02:08.376,1.10384,1.10422,1.75,1.50
2015.09.09 03:02:08.527,1.10384,1.10422,1.75,2.25
2015.09.09 03:02:08.864,1.10384,1.10422,1.37,1.50
2015.09.09 03:02:09.370,1.10384,1.10422,1.00,1.75
2015.09.09 03:02:09.421,1.10384,1.10419,1.00,1.00
2015.09.09 03:02:10.051,1.10384,1.10422,1.37,1.37
2015.09.09 03:02:10.153,1.10388,1.10423,1.12,1.12
2015.09.09 03:02:10.254,1.10388,1.10424,1.37,1.00
2015.09.09 03:02:10.759,1.10391,1.10425,1.00,1.00
2015.09.09 03:02:15.256,1.10391,1.10426,1.00,1.00
2015.09.09 03:02:20.679,1.10391,1.10427,1.00,1.50
2015.09.09 03:02:23.196,1.10391,1.10423,1.00,1.00
2015.09.09 03:02:23.499,1.10391,1.10427,1.00,1.50
2015.09.09 03:02:23.637,1.10391,1.10424,1.00,1.00
2015.09.09 03:02:23.943,1.10389,1.10427,1.75,1.00
2015.09.09 03:02:24.145,1.10388,1.10423,1.00,1.50
2015.09.09 03:02:27.291,1.10385,1.10423,1.37,1.50
2015.09.09 03:02:29.893,1.10386,1.10424,1.37,1.37
2015.09.09 03:02:30.198,1.10391,1.10427,1.75,1.00
2015.09.09 03:02:30.523,1.10389,1.10425,1.00,1.00
2015.09.09 03:02:30.726,1.10389,1.10424,1.00,1.37
2015.09.09 03:02:31.030,1.10388,1.10418,1.12,1.00
2015.09.09 03:02:31.081,1.10388,1.10422,1.12,1.00
2015.09.09 03:02:31.604,1.10388,1.10425,1.12,1.50
2015.09.09 03:02:43.099,1.10387,1.10422,1.37,1.00
2015.09.09 03:02:43.318,1.10387,1.10419,1.37,1.00
2015.09.09 03:02:49.060,1.10385,1.10422,1.75,1.50
2015.09.09 03:02:51.456,1.10385,1.10421,1.75,1.00
2015.09.09 03:02:51.974,1.10385,1.10421,1.75,1.12
2015.09.09 03:03:00.090,1.10381,1.1042,1.75,1.00
2015.09.09 03:03:00.142,1.10381,1.10413,1.12,1.00
2015.09.09 03:03:00.344,1.10379,1.10417,1.75,1.50
2015.09.09 03:03:00.446,1.10379,1.10417,1.75,1.00
2015.09.09 03:03:04.514,1.10377,1.10417,1.75,1.37
2015.09.09 03:03:04.565,1.10377,1.10417,1.75,1.75
2015.09.09 03:03:07.262,1.10377,1.10412,1.75,1.00
2015.09.09 03:03:07.661,1.10377,1.10414,1.75,1.12
2015.09.09 03:03:07.812,1.10377,1.10411,1.75,1.00
2015.09.09 03:03:08.313,1.10377,1.1041,1.75,1.00
2015.09.09 03:03:08.851,1.10377,1.10409,1.75,1.00
2015.09.09 03:03:13.724,1.10374,1.1041,1.75,1.00
2015.09.09 03:03:13.894,1.10374,1.10412,1.75,1.00
2015.09.09 03:03:17.351,1.10375,1.10413,2.25,1.00
2015.09.09 03:03:17.553,1.10375,1.10413,1.87,1.37
2015.09.09 03:03:17.604,1.10375,1.1041,1.50,1.00
2015.09.09 03:03:17.705,1.10373,1.10409,1.00,1.00
2015.09.09 03:03:17.907,1.10375,1.10409,1.00,1.00
2015.09.09 03:03:18.110,1.10373,1.10409,1.00,1.00
2015.09.09 03:03:22.799,1.10373,1.1041,1.00,1.00
2015.09.09 03:03:38.304,1.10373,1.10409,1.00,1.00
2015.09.09 03:03:38.748,1.10372,1.10409,1.87,1.50
2015.09.09 03:03:42.908,1.10379,1.10409,1.00,1.50
2015.09.09 03:03:44.754,1.1038,1.1041,1.00,1.75
2015.09.09 03:03:47.622,1.10381,1.1041,1.00,1.87
2015.09.09 03:03:48.154,1.10381,1.1041,1.00,1.50
2015.09.09 03:03:48.920,1.1038,1.1041,1.00,1.50
2015.09.09 03:03:50.832,1.1038,1.1041,1.00,1.37
2015.09.09 03:03:52.927,1.1038,1.10409,1.00,1.37
2015.09.09 03:03:53.433,1.10378,1.10409,1.00,1.00
2015.09.09 03:03:53.792,1.10374,1.10406,1.50,1.00
2015.09.09 03:03:53.894,1.10372,1.10406,1.00,1.50
2015.09.09 03:03:54.399,1.10372,1.10406,1.50,1.00
2015.09.09 03:03:54.601,1.10372,1.10403,1.50,1.00
2015.09.09 03:03:54.921,1.10372,1.10401,1.50,1.00
2015.09.09 03:03:54.972,1.10372,1.10406,1.50,1.00
2015.09.09 03:03:55.379,1.10372,1.10403,1.50,1.00
2015.09.09 03:03:55.887,1.10372,1.10403,1.00,1.50
2015.09.09 03:03:56.470,1.10371,1.10403,1.00,1.50
2015.09.09 03:03:58.084,1.10369,1.10403,1.00,1.50
2015.09.09 03:04:05.330,1.1037,1.10402,1.00,1.12
2015.09.09 03:04:15.292,1.1037,1.10404,1.00,1.50
2015.09.09 03:04:15.393,1.1037,1.10407,1.37,1.37
2015.09.09 03:04:15.444,1.10375,1.10409,1.00,1.50
2015.09.09 03:04:15.596,1.10375,1.1041,1.87,1.37
2015.09.09 03:04:15.748,1.10375,1.1041,2.25,1.50
2015.09.09 03:04:16.358,1.10375,1.10409,1.50,1.00
2015.09.09 03:04:16.871,1.10375,1.1041,1.00,2.25
2015.09.09 03:04:18.085,1.10378,1.1041,1.00,2.25
2015.09.09 03:04:18.994,1.10378,1.10411,1.00,1.00
2015.09.09 03:04:19.533,1.10378,1.1041,1.00,1.00
2015.09.09 03:04:23.581,1.10376,1.1041,1.00,1.50
2015.09.09 03:04:25.211,1.10376,1.10406,1.00,1.00
2015.09.09 03:04:27.318,1.10374,1.10406,1.00,1.00
2015.09.09 03:04:27.819,1.10374,1.10407,1.00,1.00
2015.09.09 03:04:28.775,1.10374,1.10407,1.00,2.25
2015.09.09 03:04:29.230,1.10374,1.10401,1.00,1.00
2015.09.09 03:04:29.280,1.10371,1.10401,1.00,1.00
2015.09.09 03:04:29.382,1.10371,1.10397,1.00,1.00
2015.09.09 03:04:32.662,1.10371,1.10401,1.00,1.00
2015.09.09 03:04:32.865,1.10371,1.10408,1.00,5.25
2015.09.09 03:04:32.967,1.10374,1.10408,1.00,4.12
2015.09.09 03:04:33.018,1.10374,1.10408,1.12,3.37
2015.09.09 03:04:33.120,1.10376,1.1041,1.37,1.00
2015.09.09 03:04:33.429,1.10382,1.10409,1.12,1.00
2015.09.09 03:04:33.581,1.10382,1.10412,1.12,1.00
2015.09.09 03:04:33.683,1.10382,1.10419,1.12,1.75
2015.09.09 03:04:33.785,1.10382,1.10419,1.75,1.00
2015.09.09 03:04:34.088,1.1039,1.10423,1.00,1.75
2015.09.09 03:04:34.821,1.10394,1.10423,1.00,1.75
2015.09.09 03:04:39.630,1.10391,1.10425,1.00,1.50
2015.09.09 03:04:41.536,1.10393,1.10425,1.00,1.50
2015.09.09 03:04:43.241,1.10393,1.10418,1.00,1.00
2015.09.09 03:04:43.496,1.10374,1.10408,1.37,1.00
2015.09.09 03:04:43.547,1.10374,1.10408,1.00,1.12
2015.09.09 03:04:43.598,1.10375,1.10408,1.75,1.00
2015.09.09 03:04:43.648,1.10375,1.10412,1.75,1.00
2015.09.09 03:04:43.790,1.1038,1.10416,1.00,1.75
2015.09.09 03:04:43.892,1.10382,1.1042,2.25,1.50
2015.09.09 03:04:44.094,1.10385,1.10422,1.37,1.37
2015.09.09 03:04:44.146,1.10394,1.10429,1.00,1.50
2015.09.09 03:04:44.197,1.10394,1.10427,1.00,1.37
2015.09.09 03:04:44.501,1.1039,1.10427,1.50,1.12
2015.09.09 03:04:44.653,1.104,1.10425,1.00,1.37
2015.09.09 03:04:45.002,1.10395,1.10425,1.00,1.37
2015.09.09 03:04:45.154,1.1039,1.10425,1.00,1.87
2015.09.09 03:04:45.256,1.1039,1.1042,1.00,1.00
2015.09.09 03:04:45.458,1.10385,1.10424,1.75,1.12
2015.09.09 03:04:53.740,1.10385,1.10417,1.75,1.00
2015.09.09 03:04:53.841,1.10382,1.10417,1.00,1.37
2015.09.09 03:04:54.063,1.10373,1.10412,1.50,1.75
2015.09.09 03:04:54.216,1.10378,1.10412,1.00,1.00
2015.09.09 03:04:54.267,1.10378,1.10414,1.50,1.00
2015.09.09 03:04:54.419,1.10381,1.10415,1.75,1.00
2015.09.09 03:04:54.520,1.10375,1.10413,1.75,1.12
2015.09.09 03:04:54.723,1.10378,1.10413,1.75,1.00
2015.09.09 03:04:54.774,1.10379,1.10418,1.75,1.00
2015.09.09 03:04:54.825,1.10383,1.10415,1.50,1.00
2015.09.09 03:04:54.876,1.10382,1.1042,2.25,1.12
2015.09.09 03:04:54.927,1.10388,1.10421,1.00,1.00
2015.09.09 03:04:55.449,1.10388,1.10422,1.00,1.00
2015.09.09 03:04:55.652,1.10382,1.10419,1.50,1.50
2015.09.09 03:04:55.754,1.10382,1.10416,1.00,1.00
2015.09.09 03:04:56.057,1.10381,1.10413,1.00,1.00
2015.09.09 03:04:56.361,1.10383,1.10422,1.75,1.00
2015.09.09 03:04:56.884,1.10383,1.10421,1.75,1.00
2015.09.09 03:04:57.392,1.10383,1.1042,1.75,1.00
2015.09.09 03:05:01.354,1.10382,1.10423,1.75,1.87
2015.09.09 03:05:01.405,1.10378,1.10421,1.75,1.00
2015.09.09 03:05:01.754,1.10377,1.10418,1.75,1.00
2015.09.09 03:05:02.307,1.10377,1.10417,2.25,1.00
2015.09.09 03:05:02.865,1.10377,1.10418,2.25,1.00
2015.09.09 03:05:09.473,1.10377,1.10418,1.00,1.00
2015.09.09 03:05:10.033,1.10376,1.10418,2.25,1.00
2015.09.09 03:05:11.350,1.10383,1.10418,1.00,1.00
2015.09.09 03:05:22.360,1.10383,1.1042,1.00,1.00
2015.09.09 03:05:25.707,1.10388,1.10426,1.00,1.00
2015.09.09 03:05:26.038,1.10391,1.10427,1.00,1.00
2015.09.09 03:05:26.190,1.10391,1.10429,1.00,1.50
2015.09.09 03:05:26.393,1.10393,1.10432,1.00,1.00
2015.09.09 03:05:26.545,1.10392,1.10429,1.00,1.00
2015.09.09 03:05:27.103,1.10393,1.10428,1.00,1.00
2015.09.09 03:05:27.583,1.10394,1.10432,1.00,1.50
2015.09.09 03:05:32.680,1.10394,1.10434,1.00,1.50
2015.09.09 03:05:43.763,1.10393,1.10433,1.00,1.00
2015.09.09 03:05:44.325,1.10392,1.10432,1.00,1.00
2015.09.09 03:05:45.291,1.10393,1.10432,1.00,1.00
2015.09.09 03:05:47.972,1.10392,1.10432,1.00,1.00
2015.09.09 03:05:48.854,1.10393,1.10432,1.00,1.00
2015.09.09 03:05:49.427,1.10394,1.10432,1.00,1.00
2015.09.09 03:05:53.224,1.10396,1.10436,1.00,1.00
2015.09.09 03:05:53.695,1.10401,1.10439,1.00,1.00
2015.09.09 03:05:58.617,1.104,1.10439,1.00,1.00
2015.09.09 03:06:06.813,1.104,1.10438,1.00,1.00
2015.09.09 03:06:10.127,1.10399,1.10438,1.00,1.50
2015.09.09 03:06:18.310,1.104,1.10438,1.00,1.00
2015.09.09 03:06:18.845,1.10399,1.10438,1.00,1.00
2015.09.09 03:06:20.701,1.104,1.10438,1.00,1.00
2015.09.09 03:06:26.178,1.10399,1.10438,1.00,1.50
2015.09.09 03:06:27.271,1.10406,1.10437,1.00,1.00
2015.09.09 03:06:27.575,1.10406,1.10433,1.00,1.00
2015.09.09 03:06:27.856,1.10406,1.10435,1.00,1.00
2015.09.09 03:06:29.553,1.10406,1.10437,1.00,1.00
2015.09.09 03:06:31.413,1.10401,1.1044,1.00,2.25
2015.09.09 03:06:37.359,1.104,1.1044,1.50,2.25
2015.09.09 03:06:42.892,1.10401,1.1044,1.00,2.25
2015.09.09 03:06:47.202,1.10403,1.10444,1.00,1.00
2015.09.09 03:06:47.253,1.10407,1.10444,1.00,1.00
2015.09.09 03:06:47.304,1.10407,1.10448,1.00,2.25
2015.09.09 03:06:47.557,1.1041,1.10449,1.50,1.00
2015.09.09 03:06:47.861,1.1041,1.10445,1.50,1.00
2015.09.09 03:06:47.912,1.10407,1.10445,1.00,1.00
2015.09.09 03:06:48.397,1.10406,1.10443,1.50,1.00
2015.09.09 03:06:48.719,1.1041,1.10441,1.00,1.00
2015.09.09 03:06:50.120,1.10407,1.10438,1.00,1.00
2015.09.09 03:06:50.550,1.1041,1.10441,1.00,1.00
2015.09.09 03:06:55.090,1.1041,1.10437,1.00,1.00
2015.09.09 03:06:55.141,1.10402,1.10434,1.00,1.00
2015.09.09 03:07:13.522,1.10405,1.10434,1.00,1.50
2015.09.09 03:07:18.443,1.10406,1.10435,1.00,1.00
2015.09.09 03:07:21.138,1.10407,1.10435,1.00,1.00
2015.09.09 03:07:24.437,1.10409,1.10435,1.00,1.00
2015.09.09 03:07:28.466,1.10411,1.10435,1.00,1.00
2015.09.09 03:07:31.646,1.10411,1.10439,1.00,1.00
2015.09.09 03:07:31.701,1.10413,1.10442,1.00,1.00
2015.09.09 03:07:34.220,1.10415,1.10446,1.00,1.50
2015.09.09 03:07:35.655,1.10419,1.10449,1.00,1.00
2015.09.09 03:07:35.924,1.1042,1.10451,1.00,1.00
2015.09.09 03:07:36.030,1.10424,1.10453,1.00,1.00
2015.09.09 03:07:40.656,1.10427,1.10453,1.00,1.00
2015.09.09 03:07:40.909,1.10431,1.10462,1.50,1.00
2015.09.09 03:07:43.574,1.10432,1.10462,1.00,1.00
2015.09.09 03:07:49.916,1.10433,1.10462,1.00,1.00
2015.09.09 03:07:51.226,1.10433,1.10465,1.00,1.00
2015.09.09 03:07:58.541,1.10434,1.10465,1.00,1.00
2015.09.09 03:08:00.398,1.10436,1.10465,1.00,1.00
2015.09.09 03:08:00.732,1.10438,1.10466,1.00,1.00
2015.09.09 03:08:01.238,1.10437,1.10466,1.00,1.00
2015.09.09 03:08:04.386,1.10436,1.10467,1.00,1.00
2015.09.09 03:08:04.528,1.10436,1.10469,1.00,1.00
2015.09.09 03:08:04.631,1.10436,1.10464,1.00,1.00
2015.09.09 03:08:04.935,1.1044,1.10464,1.00,1.00
2015.09.09 03:08:10.041,1.1044,1.10469,1.00,1.50
2015.09.09 03:08:10.553,1.1044,1.10468,1.00,1.00
2015.09.09 03:08:14.993,1.10437,1.10468,1.00,1.00
2015.09.09 03:08:15.159,1.10437,1.10461,1.00,1.00
2015.09.09 03:08:16.860,1.10437,1.10462,1.00,1.00
2015.09.09 03:08:17.374,1.10437,1.10461,1.00,1.00
2015.09.09 03:08:18.053,1.10436,1.10461,1.00,1.00
2015.09.09 03:08:18.559,1.10436,1.10462,1.00,1.00
2015.09.09 03:08:19.801,1.10433,1.10462,1.50,1.00
2015.09.09 03:08:21.666,1.10433,1.10467,1.00,1.00
2015.09.09 03:08:22.003,1.10435,1.10464,1.00,1.00
2015.09.09 03:08:26.423,1.10436,1.10464,1.00,1.00
2015.09.09 03:08:30.428,1.10435,1.10464,1.00,1.00
2015.09.09 03:08:43.747,1.10432,1.10465,1.00,1.00
2015.09.09 03:08:45.726,1.10431,1.10469,1.00,1.50
2015.09.09 03:08:47.604,1.10431,1.10465,1.00,1.00
2015.09.09 03:08:48.982,1.10432,1.10468,1.00,1.00
2015.09.09 03:08:52.758,1.10432,1.10467,1.00,1.00
2015.09.09 03:08:53.011,1.10431,1.10462,1.00,1.00
2015.09.09 03:08:53.426,1.10428,1.10461,1.00,1.00
2015.09.09 03:08:54.585,1.10432,1.10463,1.00,1.00
2015.09.09 03:08:55.218,1.10427,1.10463,1.00,1.00
2015.09.09 03:08:57.420,1.1043,1.10461,1.00,1.00
2015.09.09 03:08:59.103,1.10428,1.10459,1.00,1.00
2015.09.09 03:09:01.609,1.10429,1.10461,1.00,1.00
2015.09.09 03:09:03.269,1.10434,1.10463,1.00,1.00
2015.09.09 03:09:04.421,1.10441,1.10466,1.00,1.00
2015.09.09 03:09:04.620,1.10434,1.10463,1.00,1.00
2015.09.09 03:09:05.602,1.10431,1.1046,1.00,1.00
2015.09.09 03:09:08.812,1.10433,1.1046,1.00,1.00
2015.09.09 03:09:09.134,1.1044,1.10467,1.00,1.00
2015.09.09 03:09:11.595,1.10433,1.10462,1.00,1.00
2015.09.09 03:09:11.646,1.10431,1.10462,1.50,1.00
2015.09.09 03:09:17.473,1.1043,1.10461,1.00,1.00
2015.09.09 03:09:17.640,1.10426,1.10448,1.00,1.00
2015.09.09 03:09:17.742,1.10417,1.10441,1.00,1.00
2015.09.09 03:09:17.793,1.10414,1.10441,1.00,1.50
2015.09.09 03:09:17.844,1.10413,1.10435,1.00,1.00
2015.09.09 03:09:17.996,1.10413,1.10439,1.00,1.00
2015.09.09 03:09:18.047,1.10416,1.10439,1.00,1.00
2015.09.09 03:09:18.199,1.10419,1.10444,1.00,1.00
2015.09.09 03:09:18.300,1.10419,1.10447,1.00,1.00
2015.09.09 03:09:18.351,1.10419,1.10451,1.00,1.60
2015.09.09 03:09:19.245,1.10419,1.10453,1.00,1.00
2015.09.09 03:09:19.397,1.10419,1.10448,1.00,1.00
2015.09.09 03:09:19.650,1.10419,1.10451,1.00,1.00
2015.09.09 03:09:20.609,1.10423,1.10451,1.00,1.00
2015.09.09 03:09:23.097,1.10423,1.10446,1.00,1.00
2015.09.09 03:09:26.027,1.10423,1.10449,1.00,1.00
2015.09.09 03:09:29.068,1.10423,1.10442,1.00,1.00
2015.09.09 03:09:29.569,1.1042,1.10442,1.00,1.00
2015.09.09 03:09:30.101,1.10421,1.10442,1.00,1.00
2015.09.09 03:09:30.984,1.10421,1.10447,1.00,1.00
2015.09.09 03:09:34.689,1.10419,1.10447,1.00,1.00
2015.09.09 03:09:35.140,1.10419,1.10443,1.00,1.00
2015.09.09 03:09:37.622,1.1042,1.10443,1.00,1.00
2015.09.09 03:09:37.674,1.10421,1.10447,1.00,1.00
2015.09.09 03:09:37.725,1.10419,1.10447,1.00,1.00
2015.09.09 03:09:37.777,1.10416,1.10443,1.00,1.00
2015.09.09 03:09:37.981,1.10412,1.10442,1.00,1.00
2015.09.09 03:09:38.083,1.10412,1.1044,1.00,1.00
2015.09.09 03:09:38.386,1.1041,1.10436,1.00,1.00
2015.09.09 03:09:39.003,1.10412,1.10436,1.00,1.00
2015.09.09 03:09:39.054,1.10412,1.10443,1.00,1.00
2015.09.09 03:09:39.156,1.10416,1.10443,1.00,1.00
2015.09.09 03:09:39.258,1.10416,1.10446,1.00,1.00
2015.09.09 03:09:39.662,1.1042,1.10446,1.00,1.00
2015.09.09 03:09:44.647,1.10422,1.10446,1.00,1.00
2015.09.09 03:09:46.562,1.10426,1.10446,1.00,1.00
2015.09.09 03:09:46.664,1.10426,1.10449,1.00,1.00
2015.09.09 03:09:46.866,1.10429,1.10451,1.00,1.00
2015.09.09 03:09:47.018,1.10429,1.10455,1.00,1.00
2015.09.09 03:09:47.482,1.10432,1.10454,1.00,1.00
2015.09.09 03:09:53.193,1.1043,1.10454,1.00,1.00
2015.09.09 03:09:53.395,1.10428,1.10454,1.00,1.00
2015.09.09 03:09:53.497,1.10428,1.10452,1.00,1.00
2015.09.09 03:09:53.699,1.10434,1.10461,1.00,1.00
2015.09.09 03:09:54.234,1.10434,1.10458,1.00,1.00
2015.09.09 03:09:54.785,1.10433,1.10459,1.00,1.00
2015.09.09 03:09:55.542,1.10433,1.10456,1.00,1.00
2015.09.09 03:09:56.086,1.10433,1.10457,1.00,1.00
2015.09.09 03:09:56.636,1.10433,1.10458,1.00,1.50
2015.09.09 03:09:58.047,1.10433,1.10451,1.00,1.00
2015.09.09 03:09:58.098,1.10428,1.10451,1.00,1.00
2015.09.09 03:09:58.149,1.10426,1.10451,1.00,1.00
2015.09.09 03:09:58.351,1.10424,1.10452,1.00,1.00
2015.09.09 03:09:58.503,1.10424,1.10448,1.00,1.00
2015.09.09 03:10:05.330,1.10426,1.10448,1.00,1.00
2015.09.09 03:10:05.483,1.1043,1.10455,1.00,1.00
2015.09.09 03:10:10.212,1.10427,1.10455,1.00,1.00
2015.09.09 03:10:10.263,1.10427,1.10457,1.00,1.00
2015.09.09 03:10:10.415,1.10427,1.10453,1.00,1.00
2015.09.09 03:10:12.616,1.10424,1.10453,1.00,1.00
2015.09.09 03:10:12.667,1.10422,1.10453,1.00,1.00
2015.09.09 03:10:12.718,1.10419,1.10447,1.00,1.00
2015.09.09 03:10:12.820,1.10416,1.10448,1.00,1.00
2015.09.09 03:10:12.921,1.10416,1.1044,1.00,1.00
2015.09.09 03:10:12.972,1.10416,1.10449,1.00,1.00
2015.09.09 03:10:13.275,1.10416,1.10453,1.00,1.50
2015.09.09 03:10:13.578,1.10418,1.10446,1.00,1.00
2015.09.09 03:10:13.680,1.10416,1.10446,1.00,1.00
2015.09.09 03:10:13.784,1.10416,1.1044,1.00,1.00
2015.09.09 03:10:14.038,1.10413,1.1044,1.00,1.00
2015.09.09 03:10:14.609,1.1041,1.10435,1.00,1.00
2015.09.09 03:10:14.661,1.10407,1.10435,1.00,1.00
2015.09.09 03:10:14.711,1.10407,1.1043,1.00,1.00
2015.09.09 03:10:14.864,1.10404,1.1043,1.00,1.00
2015.09.09 03:10:14.915,1.10404,1.10428,1.00,1.00
2015.09.09 03:10:15.169,1.10401,1.10428,1.00,1.00
2015.09.09 03:10:15.624,1.10398,1.10428,1.00,1.00
2015.09.09 03:10:15.675,1.10396,1.10425,1.00,1.00
2015.09.09 03:10:15.726,1.10393,1.10425,1.00,1.00
2015.09.09 03:10:15.777,1.10393,1.10421,1.00,1.00
2015.09.09 03:10:16.122,1.10401,1.10423,1.00,1.00
2015.09.09 03:10:16.526,1.10401,1.10426,1.00,1.00
2015.09.09 03:10:16.880,1.10399,1.10425,1.00,1.00
2015.09.09 03:10:16.982,1.10395,1.10425,1.00,1.00
2015.09.09 03:10:17.134,1.10395,1.10419,1.00,1.00
2015.09.09 03:10:17.337,1.1039,1.10417,1.00,1.00
2015.09.09 03:10:17.623,1.10388,1.10417,1.00,1.00
2015.09.09 03:10:17.674,1.10388,1.1041,1.00,1.00
2015.09.09 03:10:17.876,1.10388,1.10413,1.00,1.00
2015.09.09 03:10:18.231,1.10388,1.10411,1.00,1.00
2015.09.09 03:10:18.534,1.10388,1.10414,1.00,1.00
2015.09.09 03:10:18.636,1.10385,1.10414,1.00,1.00
2015.09.09 03:10:19.040,1.10388,1.10414,1.00,1.00
2015.09.09 03:10:19.361,1.10388,1.10411,1.00,1.00
2015.09.09 03:10:19.523,1.10388,1.10413,1.00,1.00
2015.09.09 03:10:19.877,1.10388,1.10418,1.00,1.00
2015.09.09 03:10:19.979,1.1039,1.10418,1.00,1.00
2015.09.09 03:10:20.282,1.10388,1.10415,1.00,1.00
2015.09.09 03:10:20.586,1.10388,1.10412,1.00,1.00
2015.09.09 03:10:20.637,1.10386,1.10415,1.00,1.00
2015.09.09 03:10:20.840,1.10387,1.10421,1.00,1.00
2015.09.09 03:10:21.117,1.10391,1.10415,1.00,1.00
2015.09.09 03:10:21.168,1.10388,1.10415,1.00,1.00
2015.09.09 03:10:21.269,1.10384,1.10415,1.00,1.00
2015.09.09 03:10:21.320,1.10384,1.10412,1.00,1.00
2015.09.09 03:10:21.371,1.10382,1.10412,1.00,1.00
2015.09.09 03:10:21.422,1.10382,1.10406,1.00,1.00
2015.09.09 03:10:21.524,1.10379,1.10406,1.00,1.00
2015.09.09 03:10:21.727,1.10382,1.10413,1.00,1.00
2015.09.09 03:10:21.828,1.10388,1.10413,1.00,1.00
2015.09.09 03:10:22.161,1.10392,1.10418,1.00,1.00
2015.09.09 03:10:22.212,1.1039,1.10418,1.00,1.00
2015.09.09 03:10:22.416,1.1039,1.10423,1.00,1.00
2015.09.09 03:10:23.527,1.10393,1.10423,1.00,1.00
2015.09.09 03:10:23.831,1.10391,1.10418,1.00,1.00
2015.09.09 03:10:23.882,1.10389,1.10418,1.00,1.00
2015.09.09 03:10:23.934,1.10389,1.10412,1.00,1.00
2015.09.09 03:10:24.035,1.10389,1.10416,1.00,1.00
2015.09.09 03:10:24.137,1.10386,1.10416,1.00,1.00
2015.09.09 03:10:24.595,1.10387,1.10411,1.00,1.00
2015.09.09 03:10:25.050,1.10387,1.10416,1.00,1.00
2015.09.09 03:10:25.232,1.10385,1.10416,1.00,1.00
2015.09.09 03:10:25.544,1.10388,1.10416,1.00,1.00
2015.09.09 03:10:25.848,1.10386,1.1041,1.00,1.00
2015.09.09 03:10:26.252,1.10386,1.10413,1.00,1.00
2015.09.09 03:10:26.819,1.10386,1.10408,1.00,1.00
2015.09.09 03:10:26.921,1.1039,1.10416,1.00,1.00
2015.09.09 03:10:27.225,1.10392,1.10416,1.00,1.00
2015.09.09 03:10:27.579,1.10392,1.10412,1.00,1.00
2015.09.09 03:10:27.681,1.1039,1.10412,1.00,1.00
2015.09.09 03:10:27.782,1.1039,1.10408,1.00,1.00
2015.09.09 03:10:28.126,1.1039,1.10413,1.00,1.00
2015.09.09 03:10:28.429,1.1039,1.10418,1.00,1.00
2015.09.09 03:10:28.485,1.10392,1.10418,1.00,1.00
2015.09.09 03:10:28.790,1.10392,1.10411,1.00,1.00
2015.09.09 03:10:28.841,1.10388,1.10411,1.00,1.00
2015.09.09 03:10:28.943,1.10391,1.10411,1.00,1.00
2015.09.09 03:10:28.994,1.10391,1.10418,1.00,1.00
2015.09.09 03:10:29.045,1.10394,1.10418,1.00,1.00
2015.09.09 03:10:29.560,1.10396,1.10418,1.00,1.00
2015.09.09 03:10:29.662,1.10391,1.10418,1.00,1.00
2015.09.09 03:10:29.763,1.10389,1.1041,1.00,1.00
2015.09.09 03:10:30.081,1.10395,1.1041,1.50,1.00
2015.09.09 03:10:30.133,1.10395,1.1042,1.50,1.00
2015.09.09 03:10:30.542,1.10398,1.10416,1.00,1.00
2015.09.09 03:10:30.644,1.10395,1.10416,1.00,1.00
2015.09.09 03:10:30.745,1.10392,1.10414,1.00,1.00
2015.09.09 03:10:30.796,1.10391,1.10412,1.00,1.00
2015.09.09 03:10:30.999,1.10389,1.10412,1.00,1.00
2015.09.09 03:10:31.151,1.1039,1.10414,1.00,1.00
2015.09.09 03:10:31.202,1.1039,1.10417,1.00,1.00
2015.09.09 03:10:31.303,1.10394,1.10417,1.00,1.00
2015.09.09 03:10:31.506,1.10397,1.10424,1.00,1.50
2015.09.09 03:10:31.753,1.10394,1.10411,1.00,1.00
2015.09.09 03:10:31.854,1.10392,1.10411,1.00,1.00
2015.09.09 03:10:32.114,1.10391,1.10416,1.00,1.00
2015.09.09 03:10:32.165,1.10393,1.10416,1.00,1.00
2015.09.09 03:10:32.624,1.10395,1.10416,1.00,1.00
2015.09.09 03:10:32.675,1.10393,1.10416,1.00,1.00
2015.09.09 03:10:32.726,1.10391,1.10409,1.00,1.00
2015.09.09 03:10:33.080,1.1039,1.10413,1.00,1.00
2015.09.09 03:10:33.131,1.10393,1.10416,1.00,1.00
2015.09.09 03:10:33.455,1.10395,1.10416,1.00,1.00
2015.09.09 03:10:33.767,1.10392,1.10411,1.00,1.00
2015.09.09 03:10:33.920,1.10389,1.10411,1.50,1.00
2015.09.09 03:10:34.021,1.10389,1.10407,1.50,1.00
2015.09.09 03:10:34.123,1.10389,1.10414,1.50,1.00
2015.09.09 03:10:34.174,1.10391,1.10414,1.00,1.00
2015.09.09 03:10:34.572,1.10396,1.10416,1.00,1.00
2015.09.09 03:10:34.625,1.10394,1.10415,1.00,1.00
2015.09.09 03:10:34.727,1.10391,1.1041,1.00,1.00
2015.09.09 03:10:34.929,1.10389,1.1041,1.00,1.50
2015.09.09 03:10:35.081,1.10389,1.10412,1.00,1.00
2015.09.09 03:10:35.234,1.10393,1.10412,1.50,1.00
2015.09.09 03:10:35.285,1.10393,1.10415,1.50,1.00
2015.09.09 03:10:35.589,1.10396,1.10415,1.00,1.00
2015.09.09 03:10:35.640,1.10393,1.10415,1.00,1.00
2015.09.09 03:10:35.691,1.10393,1.10412,1.00,1.00
2015.09.09 03:10:35.996,1.10392,1.10409,1.00,1.00
2015.09.09 03:10:36.182,1.10391,1.10413,1.50,1.00
2015.09.09 03:10:36.233,1.10394,1.10413,1.00,1.00
2015.09.09 03:10:36.284,1.10394,1.10417,1.00,1.00
2015.09.09 03:10:36.791,1.10393,1.10412,1.00,1.00
2015.09.09 03:10:37.145,1.10393,1.10415,1.00,1.00
2015.09.09 03:10:37.348,1.10396,1.10418,1.00,1.00
2015.09.09 03:10:37.695,1.10396,1.10411,1.00,1.00
2015.09.09 03:10:37.799,1.10392,1.10411,1.00,1.00
2015.09.09 03:10:38.316,1.10393,1.10411,1.00,1.00
2015.09.09 03:10:38.419,1.10396,1.10411,1.00,1.00
2015.09.09 03:10:39.102,1.10393,1.10411,1.00,1.00
2015.09.09 03:10:39.254,1.10396,1.10411,1.00,1.00
2015.09.09 03:10:39.355,1.10396,1.10416,1.00,1.00
2015.09.09 03:10:39.575,1.10396,1.10411,1.00,1.00
2015.09.09 03:10:40.031,1.10393,1.10411,1.00,1.00
2015.09.09 03:10:40.811,1.10393,1.1041,1.00,1.00
2015.09.09 03:10:41.266,1.10395,1.10411,1.00,1.00
2015.09.09 03:10:41.317,1.10398,1.10417,1.50,1.00
2015.09.09 03:10:41.520,1.10398,1.10419,1.50,1.00
2015.09.09 03:10:41.621,1.10396,1.10419,1.50,1.00
2015.09.09 03:10:41.672,1.10396,1.10417,1.00,1.00
2015.09.09 03:10:41.976,1.10396,1.10412,1.00,1.00
2015.09.09 03:10:42.313,1.10396,1.10416,1.00,1.50
2015.09.09 03:10:42.566,1.10393,1.10416,1.00,1.00
2015.09.09 03:10:42.617,1.10393,1.10412,1.00,1.00
2015.09.09 03:10:42.668,1.1039,1.10412,1.50,1.00
2015.09.09 03:10:42.770,1.10388,1.10412,1.00,1.50
2015.09.09 03:10:42.871,1.10393,1.10412,1.00,1.50
2015.09.09 03:10:43.175,1.10395,1.10418,1.00,1.00
2015.09.09 03:10:43.276,1.10395,1.10416,1.00,1.00
2015.09.09 03:10:43.583,1.10399,1.1042,1.00,1.00
2015.09.09 03:10:43.868,1.10396,1.10418,1.00,1.00
2015.09.09 03:10:44.930,1.10396,1.10417,1.00,1.00
2015.09.09 03:10:45.185,1.10395,1.10414,1.00,1.00
2015.09.09 03:10:45.236,1.10392,1.10414,1.00,1.00
2015.09.09 03:10:45.338,1.10392,1.10412,1.00,1.00
2015.09.09 03:10:46.044,1.10395,1.10412,1.00,1.00
2015.09.09 03:10:46.095,1.10395,1.10415,1.00,1.00
2015.09.09 03:10:46.399,1.10399,1.10414,1.00,1.00
2015.09.09 03:10:46.603,1.10406,1.10427,1.00,1.00
2015.09.09 03:10:46.705,1.10406,1.10431,1.00,1.60
2015.09.09 03:10:46.757,1.1041,1.10431,1.00,1.60
2015.09.09 03:10:47.153,1.10408,1.10436,1.00,1.60
2015.09.09 03:10:47.305,1.10405,1.10426,1.00,1.00
2015.09.09 03:10:47.508,1.10407,1.10436,1.00,1.07
2015.09.09 03:10:47.660,1.10407,1.10437,1.00,1.12
2015.09.09 03:10:47.812,1.10407,1.10435,1.00,1.00
2015.09.09 03:10:48.116,1.10401,1.1043,1.00,1.00
2015.09.09 03:10:48.167,1.10404,1.1043,1.00,1.00
2015.09.09 03:10:48.315,1.10401,1.10428,1.00,1.00
2015.09.09 03:10:48.871,1.10404,1.10428,1.00,1.00
2015.09.09 03:10:49.175,1.10402,1.10428,1.00,1.50
2015.09.09 03:10:49.227,1.10402,1.10424,1.00,1.00
2015.09.09 03:10:49.530,1.10402,1.10421,1.00,1.00
2015.09.09 03:10:49.738,1.10402,1.10429,1.00,1.10
2015.09.09 03:10:49.789,1.10399,1.10429,1.00,1.10
2015.09.09 03:10:49.890,1.10399,1.10426,1.00,1.00
2015.09.09 03:10:50.194,1.10406,1.10423,1.00,1.00
2015.09.09 03:10:50.295,1.10403,1.10421,1.00,1.00
2015.09.09 03:10:50.548,1.10403,1.10425,1.00,1.00
2015.09.09 03:10:51.071,1.10406,1.10426,1.00,1.00
2015.09.09 03:10:51.315,1.10406,1.10432,1.00,2.25
2015.09.09 03:10:51.417,1.10408,1.10432,1.00,1.00
2015.09.09 03:10:51.720,1.10411,1.10432,1.00,1.00
2015.09.09 03:10:51.771,1.10411,1.10434,1.00,1.10
2015.09.09 03:10:51.974,1.10411,1.10436,1.00,1.00
2015.09.09 03:10:52.076,1.10411,1.10432,1.00,1.00
2015.09.09 03:10:52.127,1.10408,1.10432,1.00,1.00
2015.09.09 03:10:52.279,1.10406,1.10431,1.00,1.50
2015.09.09 03:10:52.331,1.10403,1.10431,1.00,1.50
2015.09.09 03:10:52.382,1.10403,1.10428,1.00,1.00
2015.09.09 03:10:52.696,1.10408,1.10427,1.00,1.00
2015.09.09 03:10:52.747,1.10408,1.10432,1.50,1.00
2015.09.09 03:10:53.303,1.1041,1.10432,1.00,1.00
2015.09.09 03:10:53.404,1.1041,1.10437,1.00,1.07
2015.09.09 03:10:53.809,1.1041,1.10431,1.00,3.00
2015.09.09 03:10:54.677,1.1041,1.10432,1.00,3.00
2015.09.09 03:10:56.353,1.1041,1.10434,1.00,3.00
2015.09.09 03:10:57.295,1.1041,1.10435,1.00,3.00
2015.09.09 03:10:57.637,1.1041,1.10433,1.00,3.00
2015.09.09 03:11:00.839,1.1041,1.10432,1.00,3.00
2015.09.09 03:11:03.610,1.1041,1.10434,1.00,1.00
2015.09.09 03:11:03.661,1.10412,1.10434,1.00,1.00
2015.09.09 03:11:04.080,1.10412,1.10432,1.00,3.00
2015.09.09 03:11:04.333,1.10412,1.10438,1.00,1.50
2015.09.09 03:11:04.586,1.10412,1.10432,1.00,3.00
2015.09.09 03:11:04.789,1.10412,1.10438,1.00,1.00
2015.09.09 03:11:05.294,1.10412,1.10437,1.00,1.00
2015.09.09 03:11:05.345,1.10416,1.10437,1.00,1.00
2015.09.09 03:11:05.497,1.10416,1.10441,1.00,1.00
2015.09.09 03:11:05.780,1.10416,1.10443,1.00,1.00
2015.09.09 03:11:06.616,1.10418,1.10443,1.00,1.00
2015.09.09 03:11:09.182,1.10415,1.10439,1.00,1.00
2015.09.09 03:11:09.486,1.10415,1.10436,1.00,1.00
2015.09.09 03:11:09.674,1.10415,1.1044,1.00,1.00
2015.09.09 03:11:09.725,1.10418,1.1044,1.00,1.00
2015.09.09 03:11:09.777,1.10418,1.10443,1.00,1.00
2015.09.09 03:11:10.287,1.10418,1.10442,1.00,1.00
2015.09.09 03:11:10.792,1.10418,1.10441,1.00,1.00
2015.09.09 03:11:11.329,1.10418,1.10443,1.00,1.00
2015.09.09 03:11:11.836,1.10418,1.10442,1.00,1.00
2015.09.09 03:11:13.690,1.10421,1.10442,1.00,1.00
2015.09.09 03:11:13.741,1.10421,1.10447,1.00,1.50
2015.09.09 03:11:14.257,1.10421,1.10448,1.00,3.75
2015.09.09 03:11:18.516,1.10421,1.10449,1.00,3.75
2015.09.09 03:11:22.946,1.10421,1.10447,1.00,1.50
2015.09.09 03:11:26.909,1.10421,1.10446,1.00,1.00
2015.09.09 03:11:30.391,1.10421,1.10447,1.00,1.50
2015.09.09 03:11:32.713,1.10421,1.10448,1.00,1.50
2015.09.09 03:11:33.380,1.10421,1.10452,1.00,1.00
2015.09.09 03:11:33.482,1.10424,1.10452,1.00,1.00
2015.09.09 03:11:34.842,1.10424,1.10447,1.00,1.50
2015.09.09 03:11:37.189,1.10422,1.10447,1.00,1.50
2015.09.09 03:11:42.542,1.10421,1.10447,1.00,1.50
2015.09.09 03:11:46.160,1.10421,1.10449,1.00,1.00
2015.09.09 03:11:46.211,1.10424,1.10449,1.00,1.00
2015.09.09 03:11:46.529,1.10424,1.10451,1.00,2.25
2015.09.09 03:11:46.631,1.10427,1.10451,1.00,2.25
2015.09.09 03:11:46.783,1.10427,1.10454,1.00,1.50
2015.09.09 03:11:46.986,1.10429,1.10454,1.00,1.50
2015.09.09 03:11:47.037,1.10429,1.10456,1.00,1.00
2015.09.09 03:11:47.088,1.10432,1.10458,1.00,1.50
2015.09.09 03:11:48.638,1.10432,1.10461,1.00,2.25
2015.09.09 03:11:50.323,1.10433,1.10461,1.00,1.50
2015.09.09 03:11:54.407,1.10433,1.1046,1.00,1.50
2015.09.09 03:12:00.102,1.10433,1.10459,1.00,1.50
2015.09.09 03:12:00.710,1.10432,1.10459,1.00,1.50
2015.09.09 03:12:06.418,1.10432,1.10458,1.00,1.50
2015.09.09 03:12:06.957,1.10431,1.10458,1.00,1.50
2015.09.09 03:12:08.272,1.10431,1.10459,1.00,1.50
2015.09.09 03:12:12.910,1.10431,1.1046,1.00,1.50
2015.09.09 03:12:13.796,1.10436,1.1046,1.00,1.50
2015.09.09 03:12:13.898,1.10438,1.10464,1.00,1.00
2015.09.09 03:12:13.949,1.10438,1.10462,1.00,1.00
2015.09.09 03:12:14.000,1.10438,1.10465,1.00,1.50
2015.09.09 03:12:14.405,1.10438,1.10461,1.00,1.50
2015.09.09 03:12:14.743,1.10438,1.10457,1.00,1.00
2015.09.09 03:12:15.255,1.10438,1.10461,1.00,1.50
2015.09.09 03:12:15.964,1.10442,1.10462,1.00,3.00
2015.09.09 03:12:16.066,1.10444,1.10468,1.00,3.00
2015.09.09 03:12:17.459,1.10444,1.10466,1.00,1.00
2015.09.09 03:12:18.036,1.10444,1.10457,1.00,3.00
2015.09.09 03:12:18.138,1.10439,1.10457,1.00,3.00
2015.09.09 03:12:18.392,1.10436,1.10458,1.00,1.00
2015.09.09 03:12:18.595,1.10436,1.10456,1.00,3.00
2015.09.09 03:12:19.108,1.10431,1.10456,1.00,3.00
2015.09.09 03:12:19.159,1.10431,1.10448,1.00,3.00
2015.09.09 03:12:20.140,1.10431,1.10449,1.00,3.00
2015.09.09 03:12:21.817,1.10433,1.10452,1.00,1.00
2015.09.09 03:12:21.869,1.10436,1.10456,1.00,1.00
2015.09.09 03:12:21.973,1.10436,1.10461,1.00,3.75
2015.09.09 03:12:22.076,1.10439,1.10461,1.00,3.75
2015.09.09 03:12:23.406,1.10439,1.10463,1.00,3.00
2015.09.09 03:12:24.357,1.10439,1.10465,1.00,3.75
2015.09.09 03:12:25.115,1.10439,1.10463,1.00,3.00
2015.09.09 03:12:25.910,1.10438,1.10463,1.00,3.00
2015.09.09 03:12:26.347,1.1044,1.10463,1.00,3.00
2015.09.09 03:12:30.477,1.1044,1.10464,1.00,3.00
2015.09.09 03:12:31.035,1.10439,1.10464,1.00,3.00
2015.09.09 03:12:32.882,1.10439,1.10465,1.00,1.00
2015.09.09 03:12:33.023,1.10439,1.10467,1.00,3.00
2015.09.09 03:12:34.107,1.10439,1.10465,1.00,3.00
2015.09.09 03:12:35.521,1.10439,1.10464,1.00,3.00
2015.09.09 03:12:36.287,1.1044,1.10464,1.00,3.00
2015.09.09 03:12:39.953,1.10437,1.10464,1.00,3.75
2015.09.09 03:12:40.105,1.10435,1.10463,1.00,1.00
2015.09.09 03:12:40.156,1.10435,1.10457,1.00,3.00
2015.09.09 03:12:40.207,1.10432,1.10457,1.00,3.00
2015.09.09 03:12:40.373,1.10428,1.10454,1.00,3.75
2015.09.09 03:12:40.576,1.10426,1.10454,1.00,3.75
2015.09.09 03:12:40.829,1.10426,1.10451,1.00,3.00
2015.09.09 03:12:40.930,1.10424,1.10451,1.00,3.00
2015.09.09 03:12:41.912,1.10424,1.10449,1.00,3.00
2015.09.09 03:12:46.050,1.10425,1.10449,1.00,3.00
2015.09.09 03:12:47.235,1.10428,1.10449,1.00,3.00
2015.09.09 03:12:49.817,1.10431,1.10449,1.00,3.00
2015.09.09 03:12:49.868,1.10435,1.10457,1.00,1.00
2015.09.09 03:12:49.919,1.10437,1.10457,1.00,1.00
2015.09.09 03:12:49.970,1.10437,1.10462,1.00,3.75
2015.09.09 03:12:50.072,1.10439,1.10462,1.00,3.00
2015.09.09 03:12:50.376,1.10443,1.10465,1.00,3.00
2015.09.09 03:12:52.175,1.1044,1.10465,1.00,3.00
2015.09.09 03:12:52.681,1.1044,1.10464,1.00,3.00
2015.09.09 03:12:53.785,1.1044,1.10467,1.00,2.62
2015.09.09 03:12:56.338,1.10443,1.1047,1.00,2.62
2015.09.09 03:12:56.845,1.10443,1.10469,1.00,3.00
2015.09.09 03:12:57.148,1.10443,1.10466,1.00,1.00
2015.09.09 03:12:58.271,1.10439,1.10466,1.00,1.00
2015.09.09 03:13:00.015,1.10439,1.10467,1.00,2.62
2015.09.09 03:13:01.255,1.10438,1.10467,1.00,2.62
2015.09.09 03:13:01.571,1.10436,1.10466,1.00,3.00
2015.09.09 03:13:02.510,1.10436,1.10467,1.00,2.62
2015.09.09 03:13:02.912,1.10436,1.10463,1.00,3.75
2015.09.09 03:13:02.963,1.10434,1.10463,1.50,3.75
2015.09.09 03:13:03.133,1.10434,1.10459,1.50,2.62
2015.09.09 03:13:03.185,1.10432,1.10459,1.00,2.62
2015.09.09 03:13:03.691,1.10429,1.10456,1.00,2.62
2015.09.09 03:13:03.844,1.10426,1.10456,1.00,2.62
2015.09.09 03:13:03.895,1.10426,1.10453,1.00,1.00
2015.09.09 03:13:08.893,1.10427,1.10453,1.00,1.00
2015.09.09 03:13:10.004,1.10427,1.10454,1.00,2.62
2015.09.09 03:13:11.850,1.10427,1.10453,1.00,3.00
2015.09.09 03:13:13.150,1.10427,1.10454,1.00,2.62
2015.09.09 03:13:14.056,1.1043,1.10454,1.00,2.62
2015.09.09 03:13:19.043,1.10428,1.10454,1.00,2.62
2015.09.09 03:13:20.190,1.10428,1.10455,1.00,2.62
2015.09.09 03:13:21.096,1.10432,1.10455,1.00,2.62
2015.09.09 03:13:22.333,1.10432,1.10453,1.00,2.62
2015.09.09 03:13:23.609,1.10432,1.10454,1.00,2.62
2015.09.09 03:13:23.791,1.10428,1.10454,1.00,2.62
2015.09.09 03:13:26.785,1.10428,1.10452,1.00,2.62
2015.09.09 03:13:28.104,1.10428,1.10453,1.00,2.62
2015.09.09 03:13:29.035,1.10429,1.10453,1.00,2.62
2015.09.09 03:13:30.222,1.10429,1.10454,1.00,2.62
2015.09.09 03:13:31.375,1.10432,1.10454,1.00,2.62
2015.09.09 03:13:31.876,1.10432,1.10453,1.00,2.62
2015.09.09 03:13:33.477,1.1043,1.10453,1.00,2.62
2015.09.09 03:13:36.069,1.1043,1.10452,1.00,2.62
2015.09.09 03:13:39.174,1.10428,1.10452,1.00,2.62
2015.09.09 03:13:44.301,1.1043,1.10452,1.00,2.62
2015.09.09 03:13:50.361,1.1043,1.10451,1.00,2.62
2015.09.09 03:13:51.679,1.1043,1.10452,1.00,2.62
2015.09.09 03:13:54.091,1.1043,1.10451,1.00,2.62
2015.09.09 03:13:55.027,1.10428,1.10451,1.00,2.62
2015.09.09 03:14:00.053,1.10429,1.10451,1.00,2.62
2015.09.09 03:14:01.103,1.10429,1.1045,1.00,3.00
2015.09.09 03:14:01.540,1.10429,1.10454,1.00,2.62
2015.09.09 03:14:05.392,1.1043,1.10454,1.00,2.62
2015.09.09 03:14:08.610,1.1043,1.1046,1.00,2.62
2015.09.09 03:14:08.819,1.1043,1.10454,1.00,2.62
2015.09.09 03:14:10.916,1.10429,1.10454,1.00,2.62
2015.09.09 03:14:13.758,1.10429,1.10455,1.00,2.62
2015.09.09 03:14:16.829,1.10429,1.10453,1.00,2.62
2015.09.09 03:14:17.499,1.10428,1.10453,1.00,2.62
2015.09.09 03:14:18.627,1.10426,1.10452,1.00,2.62
2015.09.09 03:14:18.880,1.10424,1.10452,1.00,2.62
2015.09.09 03:14:19.613,1.10424,1.10449,1.00,2.62
2015.09.09 03:14:20.695,1.10424,1.10447,1.00,3.00
2015.09.09 03:14:20.999,1.10422,1.10442,1.00,3.00
2015.09.09 03:14:21.404,1.1042,1.10442,1.00,3.00
2015.09.09 03:14:21.608,1.10417,1.10442,1.00,3.00
2015.09.09 03:14:21.927,1.10417,1.1044,1.00,2.62
2015.09.09 03:14:22.433,1.10417,1.10439,1.00,2.62
2015.09.09 03:14:22.790,1.10412,1.10432,1.00,2.62
2015.09.09 03:14:23.094,1.10408,1.10428,1.00,2.62
2015.09.09 03:14:23.390,1.10403,1.10428,1.00,2.62
2015.09.09 03:14:24.098,1.10403,1.10426,1.00,2.62
2015.09.09 03:14:24.401,1.10408,1.10426,1.00,2.62
2015.09.09 03:14:24.705,1.10403,1.10424,1.00,2.62
2015.09.09 03:14:24.871,1.10403,1.10427,1.00,2.62
2015.09.09 03:14:26.069,1.10403,1.10433,1.00,2.62
2015.09.09 03:14:26.867,1.10403,1.1043,1.00,2.62
2015.09.09 03:14:27.121,1.10403,1.10433,1.00,3.37
2015.09.09 03:14:27.172,1.10403,1.1043,1.00,2.62
2015.09.09 03:14:27.478,1.10403,1.10419,1.00,2.62
2015.09.09 03:14:27.655,1.10401,1.10427,1.00,2.62
2015.09.09 03:14:27.706,1.10403,1.10427,1.00,2.62
2015.09.09 03:14:27.859,1.10403,1.10434,1.00,1.00
2015.09.09 03:14:27.960,1.10407,1.10436,1.00,4.12
2015.09.09 03:14:28.264,1.10409,1.10436,1.00,2.62
2015.09.09 03:14:28.315,1.10409,1.1044,1.00,1.00
2015.09.09 03:14:28.417,1.10416,1.10443,1.00,2.62
2015.09.09 03:14:28.720,1.10412,1.10443,1.00,2.62
2015.09.09 03:14:29.059,1.10412,1.10445,1.00,3.37
2015.09.09 03:14:29.413,1.10412,1.10439,1.00,2.62
2015.09.09 03:14:29.515,1.1041,1.10439,1.00,3.37
2015.09.09 03:14:29.617,1.10412,1.10437,1.00,2.62
2015.09.09 03:14:29.719,1.10412,1.10442,1.00,2.62
2015.09.09 03:14:29.770,1.10415,1.10442,1.00,2.62
2015.09.09 03:14:29.821,1.10413,1.10442,1.00,2.62
2015.09.09 03:14:30.175,1.10413,1.10445,1.00,1.00
2015.09.09 03:14:43.657,1.10413,1.10444,1.00,1.00
2015.09.09 03:14:47.820,1.10413,1.10445,1.00,3.00
2015.09.09 03:14:53.768,1.10413,1.10443,1.00,1.00
2015.09.09 03:14:53.971,1.1041,1.10441,1.00,1.00
2015.09.09 03:15:01.934,1.1041,1.1044,1.00,1.00
2015.09.09 03:15:02.494,1.10406,1.10435,1.00,1.00
2015.09.09 03:15:06.499,1.10411,1.10437,1.00,1.00
2015.09.09 03:15:06.747,1.10407,1.10437,1.00,1.00
2015.09.09 03:15:07.664,1.10407,1.10438,1.00,1.50
2015.09.09 03:15:08.967,1.10407,1.10436,1.00,1.00
2015.09.09 03:15:14.832,1.10407,1.10435,1.00,1.00
2015.09.09 03:15:14.995,1.10403,1.10434,1.00,1.00
2015.09.09 03:15:18.083,1.10406,1.10437,1.00,1.00
2015.09.09 03:15:18.589,1.10407,1.10437,1.00,1.00
2015.09.09 03:15:20.366,1.10409,1.1044,1.00,1.00
2015.09.09 03:15:23.299,1.10409,1.10439,1.00,1.00
2015.09.09 03:15:23.924,1.10411,1.10439,1.00,1.00
2015.09.09 03:15:24.746,1.10411,1.1044,1.00,1.50
2015.09.09 03:15:26.623,1.1041,1.1044,1.00,1.00
2015.09.09 03:15:26.775,1.1041,1.10443,1.00,1.00
2015.09.09 03:15:27.457,1.10409,1.10443,1.00,1.00
2015.09.09 03:15:28.663,1.1041,1.10443,1.00,1.00
2015.09.09 03:15:28.765,1.10412,1.10444,1.00,1.00
2015.09.09 03:15:29.070,1.10418,1.1045,1.00,1.00
2015.09.09 03:15:29.845,1.10418,1.10446,1.00,1.00
2015.09.09 03:15:31.289,1.10417,1.10446,1.50,1.00
2015.09.09 03:15:40.102,1.10418,1.1045,1.00,1.00
2015.09.09 03:15:42.652,1.10419,1.10453,1.00,1.00
2015.09.09 03:15:42.703,1.10425,1.10454,1.00,1.00
2015.09.09 03:15:50.718,1.10423,1.10452,1.00,1.00
2015.09.09 03:15:52.311,1.10422,1.10452,1.50,1.00
2015.09.09 03:15:52.839,1.10423,1.10452,1.00,1.00
2015.09.09 03:15:53.142,1.10423,1.1045,1.00,1.00
2015.09.09 03:15:53.295,1.10423,1.10455,1.00,1.00
2015.09.09 03:15:53.830,1.10424,1.10455,1.50,1.00
2015.09.09 03:15:56.029,1.10424,1.1046,1.00,1.50
2015.09.09 03:15:56.839,1.10424,1.10459,1.50,1.00
2015.09.09 03:15:57.826,1.10425,1.10459,1.00,1.00
2015.09.09 03:15:59.843,1.10425,1.1046,1.00,1.50
2015.09.09 03:16:01.782,1.1043,1.10459,1.00,1.00
2015.09.09 03:16:01.833,1.10425,1.1046,1.50,1.50
2015.09.09 03:16:02.956,1.10428,1.1046,1.00,1.00
2015.09.09 03:16:05.655,1.1043,1.10461,1.00,1.00
2015.09.09 03:16:07.791,1.10428,1.10461,1.50,1.00
2015.09.09 03:16:10.833,1.10429,1.10461,1.00,1.00
2015.09.09 03:16:11.842,1.10428,1.10461,1.50,1.00
2015.09.09 03:16:21.785,1.10428,1.10457,1.00,1.00
2015.09.09 03:16:23.371,1.10426,1.10457,1.00,1.00
2015.09.09 03:16:30.521,1.1043,1.10457,1.00,1.00
2015.09.09 03:16:32.853,1.10426,1.10457,1.00,1.00
2015.09.09 03:16:34.270,1.10426,1.10458,1.00,1.00
2015.09.09 03:16:46.684,1.10424,1.10459,1.00,1.00
2015.09.09 03:16:46.887,1.1043,1.10463,1.00,1.50
2015.09.09 03:16:47.192,1.10437,1.10461,1.00,1.00
2015.09.09 03:16:47.344,1.10431,1.10464,1.50,1.00
2015.09.09 03:16:49.625,1.10431,1.10461,1.00,1.00
2015.09.09 03:16:51.729,1.10431,1.1046,1.00,1.00
2015.09.09 03:17:01.720,1.10429,1.10449,1.00,1.00
2015.09.09 03:17:01.771,1.10427,1.10449,1.00,1.00
2015.09.09 03:17:01.873,1.10421,1.10449,1.00,1.00
2015.09.09 03:17:01.975,1.1042,1.10446,1.00,1.00
2015.09.09 03:17:02.079,1.1042,1.10451,1.00,1.00
2015.09.09 03:17:02.465,1.10422,1.10451,1.00,1.00
2015.09.09 03:17:02.770,1.10426,1.10452,1.00,1.00
2015.09.09 03:17:04.347,1.10426,1.10453,1.00,1.00
2015.09.09 03:17:10.961,1.10426,1.10454,1.00,1.00
2015.09.09 03:17:11.965,1.10433,1.10454,1.00,1.00
2015.09.09 03:17:12.573,1.10434,1.10454,1.00,1.00
2015.09.09 03:17:12.677,1.10434,1.10458,1.00,1.50
2015.09.09 03:17:13.318,1.10434,1.10459,1.00,1.00
2015.09.09 03:17:14.470,1.10434,1.1046,1.00,1.00
2015.09.09 03:17:15.942,1.10429,1.1046,1.00,1.00
2015.09.09 03:17:16.095,1.10429,1.10458,1.00,1.00
2015.09.09 03:17:16.399,1.10429,1.10454,1.00,1.00
2015.09.09 03:17:16.501,1.10425,1.10454,1.00,1.00
2015.09.09 03:17:16.703,1.10423,1.10452,1.00,1.00
2015.09.09 03:17:16.855,1.10423,1.10454,1.00,1.00
2015.09.09 03:17:17.306,1.10423,1.10452,1.00,1.00
2015.09.09 03:17:21.947,1.10423,1.10451,1.00,1.00
2015.09.09 03:17:22.269,1.10423,1.10449,1.00,1.00
2015.09.09 03:17:22.320,1.10418,1.10449,1.00,1.00
2015.09.09 03:17:22.825,1.10419,1.10449,1.00,1.00
2015.09.09 03:17:24.937,1.10419,1.10447,1.00,1.00
2015.09.09 03:17:25.486,1.1042,1.1045,1.00,1.00
2015.09.09 03:17:25.588,1.1042,1.10448,1.00,1.00
2015.09.09 03:17:26.093,1.10417,1.10448,1.00,1.00
2015.09.09 03:17:26.346,1.10417,1.10446,1.00,1.00
2015.09.09 03:17:26.397,1.10413,1.10446,1.00,1.00
2015.09.09 03:17:28.258,1.10413,1.10443,1.00,1.00
2015.09.09 03:17:34.048,1.10413,1.10444,1.00,1.00
2015.09.09 03:17:34.825,1.10409,1.10444,1.50,1.00
2015.09.09 03:17:37.491,1.10409,1.10442,1.50,1.00
2015.09.09 03:17:37.795,1.1041,1.1044,1.00,1.00
2015.09.09 03:17:39.949,1.10409,1.1044,1.00,1.00
2015.09.09 03:17:40.404,1.10416,1.1044,1.00,1.00
2015.09.09 03:17:42.753,1.10416,1.10443,1.00,1.00
2015.09.09 03:17:43.006,1.10412,1.10434,1.00,1.00
2015.09.09 03:17:43.158,1.10407,1.10432,1.00,1.00
2015.09.09 03:17:43.851,1.10407,1.10436,1.00,1.50
2015.09.09 03:17:44.004,1.1041,1.10437,1.00,1.00
2015.09.09 03:17:44.207,1.1041,1.10444,1.50,1.00
2015.09.09 03:17:44.360,1.10415,1.10445,1.00,1.00
2015.09.09 03:17:44.614,1.1041,1.10445,1.00,1.00
2015.09.09 03:17:44.715,1.10414,1.10445,1.00,1.00
2015.09.09 03:17:44.867,1.10414,1.10448,1.00,1.00
2015.09.09 03:17:45.411,1.10414,1.10446,1.50,1.00
2015.09.09 03:17:53.117,1.10414,1.10448,1.00,1.00
2015.09.09 03:17:53.624,1.10413,1.10448,1.00,1.00
2015.09.09 03:17:53.877,1.10413,1.10446,1.00,1.00
2015.09.09 03:17:54.180,1.10409,1.1044,1.50,1.00
2015.09.09 03:17:55.191,1.10409,1.10443,1.00,1.00
2015.09.09 03:17:56.999,1.10408,1.10443,1.00,1.00
2015.09.09 03:17:57.166,1.10408,1.1044,1.00,1.00
2015.09.09 03:17:59.169,1.10416,1.1044,1.00,1.00
2015.09.09 03:17:59.931,1.10411,1.1044,1.00,1.00
2015.09.09 03:18:00.437,1.10412,1.1044,1.00,1.00
2015.09.09 03:18:01.152,1.10412,1.10437,1.00,1.00
2015.09.09 03:18:07.420,1.10412,1.10438,1.00,1.00
2015.09.09 03:18:16.088,1.10412,1.10443,1.00,1.00
2015.09.09 03:18:16.190,1.10407,1.10443,1.00,1.00
2015.09.09 03:18:16.745,1.10415,1.10443,1.00,1.00
2015.09.09 03:18:18.171,1.10407,1.10443,1.00,1.00
2015.09.09 03:18:18.373,1.1041,1.10443,1.00,1.00
2015.09.09 03:18:18.677,1.10414,1.10443,1.00,1.00
2015.09.09 03:18:19.295,1.1041,1.10443,1.00,1.00
2015.09.09 03:18:19.507,1.1041,1.10445,1.00,1.00
2015.09.09 03:18:21.798,1.1041,1.10443,1.00,1.00
2015.09.09 03:18:22.304,1.10409,1.10443,1.00,1.00
2015.09.09 03:18:24.864,1.10407,1.10443,1.50,1.00
2015.09.09 03:18:24.916,1.10407,1.10439,1.50,1.00
2015.09.09 03:18:26.666,1.10409,1.10439,1.00,1.00
2015.09.09 03:18:26.870,1.10407,1.10439,1.00,1.00
2015.09.09 03:18:27.023,1.10409,1.10439,1.00,1.00
2015.09.09 03:18:27.680,1.10409,1.10438,1.00,1.00
2015.09.09 03:18:29.172,1.10409,1.10436,1.00,1.00
2015.09.09 03:18:29.475,1.10409,1.10433,1.00,1.00
2015.09.09 03:18:33.782,1.10409,1.10438,1.00,1.00
2015.09.09 03:18:37.172,1.10412,1.10443,1.00,1.00
2015.09.09 03:18:37.689,1.10413,1.10443,1.00,1.00
2015.09.09 03:18:38.144,1.1041,1.10439,1.00,1.00
2015.09.09 03:18:43.184,1.10405,1.10441,1.00,1.50
2015.09.09 03:18:44.603,1.10405,1.10436,1.00,1.00
2015.09.09 03:18:47.612,1.10407,1.10436,1.00,1.00
2015.09.09 03:18:47.714,1.10408,1.10438,1.00,1.00
2015.09.09 03:18:47.916,1.10412,1.10438,1.00,1.00
2015.09.09 03:18:48.104,1.10412,1.10441,1.00,1.00
2015.09.09 03:18:48.614,1.10411,1.10442,1.00,1.00
2015.09.09 03:18:51.186,1.10411,1.10437,1.00,1.00
2015.09.09 03:18:51.490,1.10414,1.10437,1.00,1.00
2015.09.09 03:18:52.072,1.10411,1.10437,1.00,1.00
2015.09.09 03:18:52.786,1.10412,1.10437,1.00,1.00
2015.09.09 03:18:53.153,1.10414,1.10437,1.00,1.00
2015.09.09 03:18:54.157,1.10409,1.10437,1.00,1.00
2015.09.09 03:18:54.456,1.10406,1.10437,1.00,1.00
2015.09.09 03:18:54.625,1.10408,1.10437,1.00,1.00
2015.09.09 03:18:55.156,1.10409,1.10437,1.00,1.00
2015.09.09 03:18:55.517,1.10415,1.10437,1.00,1.00
2015.09.09 03:18:56.462,1.10411,1.10437,1.00,1.00
2015.09.09 03:18:57.664,1.10415,1.10437,1.00,1.00
2015.09.09 03:18:58.166,1.10412,1.10437,1.00,1.00
2015.09.09 03:18:58.436,1.10415,1.10437,1.00,1.00
2015.09.09 03:18:59.107,1.10415,1.1044,1.00,1.00
2015.09.09 03:19:02.076,1.10409,1.1044,1.00,1.00
2015.09.09 03:19:26.902,1.10408,1.10444,1.00,1.50
2015.09.09 03:19:35.718,1.10409,1.10444,1.00,1.00
2015.09.09 03:19:36.794,1.10408,1.10444,1.00,1.00
2015.09.09 03:19:39.907,1.10409,1.10444,1.00,1.00
2015.09.09 03:19:40.210,1.10414,1.10443,1.00,1.00
2015.09.09 03:19:47.773,1.10409,1.10443,1.00,1.00
2015.09.09 03:19:47.875,1.10408,1.10437,1.00,1.00
2015.09.09 03:19:51.029,1.10405,1.10436,1.00,1.00
2015.09.09 03:19:53.392,1.10405,1.10433,1.00,1.00
2015.09.09 03:19:53.646,1.10401,1.10431,1.00,1.00
2015.09.09 03:19:54.151,1.10401,1.1043,1.00,1.00
2015.09.09 03:20:00.142,1.10401,1.10429,1.00,1.00
2015.09.09 03:20:00.360,1.10401,1.10426,1.00,1.00
2015.09.09 03:20:04.451,1.10401,1.10429,1.00,1.00
2015.09.09 03:20:05.109,1.10399,1.10429,1.00,1.00
2015.09.09 03:20:08.376,1.10399,1.10433,1.00,1.00
2015.09.09 03:20:09.464,1.10399,1.10434,1.00,1.00
2015.09.09 03:20:14.314,1.104,1.10434,1.00,1.00
2015.09.09 03:20:14.829,1.104,1.10435,1.00,1.00
2015.09.09 03:20:18.788,1.104,1.10432,1.00,1.00
2015.09.09 03:20:18.941,1.10398,1.10431,1.00,1.00
2015.09.09 03:20:18.992,1.10398,1.10428,1.00,1.00
2015.09.09 03:20:19.296,1.10401,1.10429,1.00,1.00
2015.09.09 03:20:19.448,1.10401,1.10434,1.50,1.00
2015.09.09 03:20:19.647,1.10405,1.10434,1.00,1.00
2015.09.09 03:20:19.698,1.10405,1.10439,1.00,1.00
2015.09.09 03:20:19.749,1.10407,1.10439,1.00,1.00
2015.09.09 03:20:20.306,1.10403,1.10439,1.00,1.00
2015.09.09 03:20:30.181,1.10403,1.10438,1.00,1.00
2015.09.09 03:20:34.784,1.10404,1.10438,1.00,1.00
2015.09.09 03:20:36.179,1.10404,1.10439,1.00,1.00
2015.09.09 03:20:38.855,1.10406,1.10439,1.00,1.00
2015.09.09 03:20:48.180,1.10406,1.1044,1.00,1.50
2015.09.09 03:20:52.396,1.10405,1.1044,1.00,1.50
2015.09.09 03:20:54.318,1.10405,1.10445,1.00,1.00
2015.09.09 03:20:54.369,1.1041,1.10443,1.00,1.00
2015.09.09 03:20:54.672,1.10417,1.10448,1.00,1.00
2015.09.09 03:20:54.976,1.1042,1.10449,1.00,1.00
2015.09.09 03:20:55.326,1.10423,1.10449,1.00,1.00
2015.09.09 03:20:55.629,1.10423,1.10451,1.00,1.00
2015.09.09 03:20:56.336,1.10421,1.10451,1.00,1.00
2015.09.09 03:20:57.115,1.10422,1.10451,1.00,1.00
2015.09.09 03:20:58.217,1.10422,1.10454,1.00,1.00
2015.09.09 03:20:59.093,1.10421,1.10454,1.50,1.00
2015.09.09 03:21:00.337,1.10424,1.10454,1.00,1.00
2015.09.09 03:21:00.878,1.10425,1.10454,1.00,1.00
2015.09.09 03:21:03.067,1.10424,1.10454,1.00,1.00
2015.09.09 03:21:04.364,1.10421,1.10454,4.50,1.00
2015.09.09 03:21:08.064,1.10419,1.10458,1.50,1.50
2015.09.09 03:21:08.484,1.1042,1.10451,1.00,1.00
2015.09.09 03:21:09.154,1.10419,1.10458,1.50,1.50
2015.09.09 03:21:11.493,1.1042,1.10449,1.00,1.00
2015.09.09 03:21:12.246,1.10419,1.10458,1.50,1.50
2015.09.09 03:21:12.600,1.10423,1.10458,1.00,1.00
2015.09.09 03:21:12.651,1.10423,1.10462,1.00,1.00
2015.09.09 03:21:12.803,1.10426,1.10464,1.00,1.00
2015.09.09 03:21:13.141,1.10433,1.10466,1.00,1.50
2015.09.09 03:21:13.651,1.10434,1.10466,1.00,1.00
2015.09.09 03:21:14.158,1.10434,1.10465,1.00,1.00
2015.09.09 03:21:14.310,1.10427,1.10465,1.00,1.00
2015.09.09 03:21:14.412,1.10427,1.10461,1.50,1.00
2015.09.09 03:21:14.629,1.10424,1.10461,1.00,1.00
2015.09.09 03:21:14.852,1.10422,1.10461,1.00,1.00
2015.09.09 03:21:17.365,1.10425,1.10461,1.00,1.00
2015.09.09 03:21:17.769,1.10425,1.10464,1.50,1.00
2015.09.09 03:21:17.870,1.10425,1.10462,1.50,1.00
2015.09.09 03:21:17.995,1.10426,1.10465,1.50,1.00
2015.09.09 03:21:18.047,1.10429,1.10467,1.00,1.00
2015.09.09 03:21:18.250,1.10429,1.10469,1.00,1.00
2015.09.09 03:21:23.458,1.10431,1.10469,1.00,1.00
2015.09.09 03:21:23.761,1.10433,1.10468,1.00,1.00
2015.09.09 03:21:23.963,1.1043,1.10468,1.00,1.00
2015.09.09 03:21:24.064,1.10431,1.10462,1.00,1.00
2015.09.09 03:21:24.166,1.1043,1.10468,1.00,1.00
2015.09.09 03:21:24.535,1.10433,1.10468,1.00,1.00
2015.09.09 03:21:25.262,1.1043,1.10468,1.50,1.00
2015.09.09 03:21:25.768,1.10431,1.10469,1.00,1.00
2015.09.09 03:21:30.544,1.1043,1.10469,1.00,1.00
2015.09.09 03:21:33.187,1.10431,1.10469,1.00,1.00
2015.09.09 03:21:39.701,1.1043,1.10469,1.00,1.50
2015.09.09 03:21:41.570,1.1043,1.10464,1.00,1.00
2015.09.09 03:21:41.672,1.10424,1.10459,1.00,1.00
2015.09.09 03:21:41.723,1.10427,1.10456,1.00,1.00
2015.09.09 03:21:41.907,1.10421,1.10457,1.00,1.00
2015.09.09 03:21:42.314,1.1042,1.1046,1.00,1.00
2015.09.09 03:21:42.567,1.10422,1.1046,1.00,1.00
2015.09.09 03:21:42.872,1.10425,1.1046,1.00,1.50
2015.09.09 03:21:43.999,1.10425,1.10462,1.00,1.00
2015.09.09 03:21:44.504,1.10425,1.10464,1.00,1.00
2015.09.09 03:21:44.555,1.10427,1.10464,1.00,1.00
2015.09.09 03:21:45.544,1.10426,1.10464,1.00,1.00
2015.09.09 03:21:49.697,1.10426,1.10465,1.00,3.75
2015.09.09 03:21:50.326,1.10426,1.10462,1.00,3.00
2015.09.09 03:21:50.631,1.10428,1.10457,1.00,1.00
2015.09.09 03:21:50.682,1.10426,1.10458,1.00,1.00
2015.09.09 03:21:50.783,1.1043,1.10458,1.00,1.00
2015.09.09 03:21:50.834,1.10432,1.10464,1.00,1.00
2015.09.09 03:21:51.264,1.10436,1.10464,1.00,1.00
2015.09.09 03:21:51.365,1.10436,1.10471,1.00,1.00
2015.09.09 03:21:51.871,1.10436,1.1047,1.00,3.00
2015.09.09 03:21:51.922,1.10432,1.1047,1.00,3.00
2015.09.09 03:21:52.124,1.10431,1.10465,2.25,1.00
2015.09.09 03:21:52.427,1.10431,1.10471,1.50,3.75
2015.09.09 03:21:52.608,1.10432,1.10464,1.00,1.00
2015.09.09 03:21:53.765,1.10431,1.10469,1.50,1.00
2015.09.09 03:21:54.110,1.10431,1.10464,2.25,1.00
2015.09.09 03:21:55.353,1.10436,1.10465,1.00,1.00
2015.09.09 03:21:55.774,1.10446,1.10473,1.00,1.00
2015.09.09 03:21:56.330,1.10446,1.10477,1.00,1.00
2015.09.09 03:21:56.482,1.10443,1.10478,1.00,1.00
2015.09.09 03:21:56.735,1.10441,1.10478,1.00,1.00
2015.09.09 03:21:58.466,1.10441,1.10475,1.00,1.00
2015.09.09 03:21:58.618,1.10438,1.10475,1.00,1.00
2015.09.09 03:22:00.445,1.10438,1.10473,1.00,1.00
2015.09.09 03:22:00.941,1.10436,1.10472,1.00,1.00
2015.09.09 03:22:01.511,1.10436,1.10473,1.00,1.00
2015.09.09 03:22:02.558,1.10436,1.10472,1.00,1.00
2015.09.09 03:22:03.347,1.10432,1.10472,1.50,1.00
2015.09.09 03:22:05.993,1.10434,1.10472,1.00,1.00
2015.09.09 03:22:06.917,1.10434,1.10471,1.00,1.00
2015.09.09 03:22:17.547,1.10431,1.10464,1.00,1.00
2015.09.09 03:22:17.649,1.10429,1.10464,1.00,1.00
2015.09.09 03:22:17.751,1.10426,1.1046,1.00,1.00
2015.09.09 03:22:18.055,1.10425,1.10454,1.00,1.00
2015.09.09 03:22:18.358,1.10421,1.1045,1.00,1.00
2015.09.09 03:22:18.862,1.1042,1.10446,1.00,1.00
2015.09.09 03:22:20.170,1.1042,1.10449,1.00,1.00
2015.09.09 03:22:20.860,1.10415,1.10449,1.00,1.00
2015.09.09 03:22:24.084,1.10414,1.10445,1.00,1.00
2015.09.09 03:22:26.655,1.10415,1.10449,1.00,1.00
2015.09.09 03:22:38.691,1.10416,1.10449,1.00,1.00
2015.09.09 03:22:38.793,1.10423,1.10452,1.00,1.00
2015.09.09 03:22:38.996,1.10421,1.10461,1.50,1.50
2015.09.09 03:22:39.097,1.10423,1.10461,1.00,1.50
2015.09.09 03:22:39.452,1.10421,1.10461,1.50,1.50
2015.09.09 03:22:39.654,1.10421,1.10458,1.50,1.00
2015.09.09 03:22:39.966,1.10418,1.10447,1.00,1.00
2015.09.09 03:22:40.223,1.10417,1.10451,1.00,1.00
2015.09.09 03:22:40.325,1.10419,1.10451,1.00,1.00
2015.09.09 03:22:40.679,1.10424,1.10455,1.00,1.00
2015.09.09 03:22:40.933,1.10423,1.10459,1.00,1.00
2015.09.09 03:22:41.518,1.10423,1.10454,2.25,1.00
2015.09.09 03:22:41.720,1.10424,1.10458,1.00,1.00
2015.09.09 03:22:43.161,1.10425,1.10458,1.00,1.00
2015.09.09 03:22:43.516,1.10425,1.10462,1.00,1.00
2015.09.09 03:22:47.122,1.10427,1.10462,1.00,1.00
2015.09.09 03:22:47.426,1.1043,1.10462,1.00,1.00
2015.09.09 03:22:50.112,1.10426,1.10467,1.00,1.50
2015.09.09 03:22:51.434,1.10426,1.10465,1.00,1.00
2015.09.09 03:22:51.737,1.10428,1.10464,1.00,1.00
2015.09.09 03:22:52.079,1.10429,1.1046,1.00,1.00
2015.09.09 03:23:04.199,1.10433,1.1046,1.00,1.00
2015.09.09 03:23:08.263,1.10435,1.10465,1.00,1.00
2015.09.09 03:23:08.467,1.10433,1.10465,1.00,1.00
2015.09.09 03:23:08.568,1.10436,1.10465,1.00,1.00
2015.09.09 03:23:14.050,1.10434,1.10465,1.00,1.00
2015.09.09 03:23:14.590,1.10433,1.10457,1.00,1.00
2015.09.09 03:23:20.553,1.1043,1.10457,1.00,1.00
2015.09.09 03:23:22.740,1.10429,1.10457,1.00,1.00
2015.09.09 03:23:27.897,1.10429,1.1046,1.00,1.00
2015.09.09 03:23:30.580,1.1043,1.1046,1.00,1.00
2015.09.09 03:23:31.210,1.10432,1.1046,1.00,1.00
2015.09.09 03:23:37.519,1.10424,1.1046,1.00,1.00
2015.09.09 03:23:40.328,1.10423,1.10461,1.00,1.00
2015.09.09 03:23:40.480,1.10421,1.1046,1.00,1.50
2015.09.09 03:23:40.531,1.10421,1.10452,1.50,1.00
2015.09.09 03:23:40.836,1.10419,1.10448,1.00,1.00
2015.09.09 03:23:40.989,1.10417,1.1045,1.00,2.62
2015.09.09 03:23:41.040,1.10413,1.1045,1.50,2.62
2015.09.09 03:23:41.365,1.10414,1.10443,1.50,1.00
2015.09.09 03:23:42.190,1.10415,1.1045,1.00,1.00
2015.09.09 03:23:42.343,1.10421,1.1045,1.00,1.00
2015.09.09 03:23:42.615,1.10425,1.10456,1.00,1.00
2015.09.09 03:23:42.666,1.10427,1.10456,1.50,1.00
2015.09.09 03:23:42.970,1.10431,1.1046,1.50,1.00
2015.09.09 03:23:45.296,1.10433,1.1046,1.00,1.00
2015.09.09 03:23:45.739,1.10431,1.1046,1.00,1.00
2015.09.09 03:23:46.148,1.10428,1.10456,1.00,1.00
2015.09.09 03:23:46.653,1.10427,1.10456,1.00,1.00
2015.09.09 03:23:46.856,1.10423,1.10454,1.00,1.00
2015.09.09 03:23:47.411,1.10421,1.10454,1.50,1.00
2015.09.09 03:23:48.105,1.10421,1.10451,1.00,1.00
2015.09.09 03:23:48.616,1.1042,1.10451,1.00,1.00
2015.09.09 03:23:50.571,1.10417,1.10448,1.50,1.00
2015.09.09 03:23:50.875,1.10419,1.10448,1.00,1.00
2015.09.09 03:23:50.926,1.10417,1.10448,1.00,1.00
2015.09.09 03:23:51.385,1.10423,1.10451,1.00,1.00
2015.09.09 03:23:51.688,1.10423,1.10463,1.00,1.00
2015.09.09 03:23:52.045,1.10423,1.10461,1.00,1.00
2015.09.09 03:23:53.523,1.10424,1.10461,1.00,1.00
2015.09.09 03:23:53.831,1.10429,1.1046,1.00,1.00
2015.09.09 03:23:59.150,1.10424,1.10462,1.50,1.00
2015.09.09 03:23:59.201,1.10421,1.10462,1.00,1.00
2015.09.09 03:23:59.252,1.10425,1.10454,1.00,1.00
2015.09.09 03:23:59.303,1.10422,1.10455,1.00,1.00
2015.09.09 03:23:59.405,1.10421,1.10459,1.00,1.00
2015.09.09 03:23:59.507,1.10417,1.10457,1.00,1.00
2015.09.09 03:23:59.822,1.10419,1.10457,1.00,1.00
2015.09.09 03:24:00.132,1.10419,1.10449,1.00,1.00
2015.09.09 03:24:00.183,1.10419,1.10453,1.00,1.00
2015.09.09 03:24:00.744,1.10419,1.1045,1.00,1.00
2015.09.09 03:24:00.998,1.10419,1.10453,1.00,1.00
2015.09.09 03:24:01.614,1.10417,1.10453,1.00,1.50
2015.09.09 03:24:01.849,1.10417,1.10448,1.00,1.00
2015.09.09 03:24:02.355,1.10416,1.10447,1.00,1.00
2015.09.09 03:24:02.658,1.10418,1.10449,1.00,1.00
2015.09.09 03:24:02.961,1.10415,1.10449,1.00,1.00
2015.09.09 03:24:05.325,1.10416,1.10449,1.00,1.00
2015.09.09 03:24:05.860,1.10415,1.10449,1.00,1.00
2015.09.09 03:24:08.772,1.10415,1.10448,1.00,1.00
2015.09.09 03:24:08.916,1.10413,1.10442,1.00,1.00
2015.09.09 03:24:09.170,1.10413,1.10447,1.00,1.00
2015.09.09 03:24:09.425,1.10413,1.10442,1.00,1.00
2015.09.09 03:24:09.983,1.10413,1.10446,1.00,1.00
2015.09.09 03:24:11.333,1.10412,1.10446,1.00,1.00
2015.09.09 03:24:12.386,1.10412,1.10441,1.00,1.00
2015.09.09 03:24:13.525,1.10412,1.10445,1.00,1.00
2015.09.09 03:24:24.820,1.10415,1.10445,1.00,1.00
2015.09.09 03:24:24.922,1.10415,1.10449,1.00,1.00
2015.09.09 03:24:25.175,1.10415,1.10452,1.00,1.00
2015.09.09 03:24:27.886,1.10413,1.10452,1.50,1.00
2015.09.09 03:24:30.095,1.10415,1.10452,1.00,1.50
2015.09.09 03:24:32.151,1.10413,1.10452,1.50,1.50
2015.09.09 03:24:32.732,1.10417,1.10452,1.00,1.50
2015.09.09 03:24:33.459,1.1042,1.10449,1.00,1.00
2015.09.09 03:24:33.611,1.1042,1.10454,1.00,1.00
2015.09.09 03:24:33.763,1.1042,1.10456,1.00,1.00
2015.09.09 03:24:34.078,1.10424,1.10456,1.00,1.00
2015.09.09 03:24:34.134,1.1042,1.10456,1.00,1.00
2015.09.09 03:24:34.185,1.10422,1.10456,1.00,1.00
2015.09.09 03:24:34.761,1.10422,1.10455,1.00,1.00
2015.09.09 03:24:35.064,1.10421,1.1045,1.00,1.00
2015.09.09 03:24:39.978,1.10417,1.10452,1.00,1.00
2015.09.09 03:24:40.081,1.10419,1.10452,1.00,1.00
2015.09.09 03:24:40.540,1.10417,1.10452,1.00,1.00
2015.09.09 03:24:40.871,1.10423,1.10452,1.00,1.00
2015.09.09 03:24:41.330,1.10428,1.10452,1.00,1.00
2015.09.09 03:24:41.380,1.10428,1.10456,1.00,1.00
2015.09.09 03:24:41.431,1.10425,1.10456,1.00,1.00
2015.09.09 03:24:42.088,1.10427,1.10456,1.00,1.00
2015.09.09 03:24:44.589,1.10426,1.10456,1.00,1.00
2015.09.09 03:24:45.395,1.10422,1.10456,1.00,1.00
2015.09.09 03:24:45.446,1.1042,1.10458,1.00,1.50
2015.09.09 03:24:46.360,1.10418,1.10456,1.00,1.00
2015.09.09 03:24:46.664,1.10418,1.10447,1.50,1.00
2015.09.09 03:24:46.715,1.10418,1.1045,1.00,1.00
2015.09.09 03:24:49.207,1.10417,1.1045,1.00,1.00
2015.09.09 03:24:56.887,1.10416,1.10447,1.00,1.00
2015.09.09 03:24:58.219,1.10413,1.10442,1.00,1.00
2015.09.09 03:25:03.975,1.10409,1.10438,1.00,1.00
2015.09.09 03:25:04.719,1.1041,1.10438,1.00,1.00
2015.09.09 03:25:05.109,1.10413,1.10442,1.00,1.00
2015.09.09 03:25:14.901,1.10409,1.10441,1.00,1.00
2015.09.09 03:25:38.830,1.10406,1.10437,1.00,1.00
2015.09.09 03:25:43.245,1.10406,1.10434,1.00,1.00
2015.09.09 03:25:43.420,1.10402,1.10433,1.00,1.00
2015.09.09 03:25:45.309,1.104,1.10429,1.00,1.00
2015.09.09 03:25:52.774,1.104,1.10433,1.00,1.00
2015.09.09 03:25:53.094,1.10398,1.10435,1.00,1.00
2015.09.09 03:25:57.184,1.10398,1.10436,1.00,1.00
2015.09.09 03:26:01.069,1.10399,1.10434,1.00,1.00
2015.09.09 03:26:03.203,1.10398,1.10436,1.00,1.00
2015.09.09 03:26:06.666,1.10398,1.10435,1.00,1.00
2015.09.09 03:26:09.102,1.104,1.10433,1.00,1.00
2015.09.09 03:26:30.275,1.10402,1.10433,1.00,1.00
2015.09.09 03:26:30.377,1.104,1.10433,1.00,1.00
2015.09.09 03:26:33.450,1.10401,1.10433,1.00,1.00
2015.09.09 03:26:35.314,1.104,1.10433,1.50,1.00
2015.09.09 03:26:35.819,1.10401,1.10433,1.00,1.00
2015.09.09 03:26:37.471,1.104,1.10433,1.50,1.00
2015.09.09 03:26:40.608,1.10401,1.10433,1.00,1.00
2015.09.09 03:26:43.380,1.104,1.10433,1.50,1.00
2015.09.09 03:26:44.430,1.10401,1.10433,1.00,1.00
2015.09.09 03:26:45.509,1.10402,1.10433,1.00,1.00
2015.09.09 03:26:47.487,1.10405,1.10434,1.00,1.00
2015.09.09 03:26:49.281,1.10403,1.10435,1.00,1.00
2015.09.09 03:26:49.534,1.10404,1.10433,1.00,1.00
2015.09.09 03:26:53.478,1.10399,1.10433,1.00,1.00
2015.09.09 03:26:53.529,1.10398,1.10427,1.00,1.00
2015.09.09 03:26:55.835,1.10402,1.10433,1.00,1.00
2015.09.09 03:26:56.190,1.10404,1.10437,1.00,1.00
2015.09.09 03:26:57.421,1.10405,1.10437,1.00,1.00
2015.09.09 03:26:57.982,1.10406,1.1044,1.00,1.00
2015.09.09 03:26:58.337,1.10409,1.1044,1.00,1.00
2015.09.09 03:26:58.643,1.10412,1.10443,1.00,1.00
2015.09.09 03:26:59.066,1.10416,1.10445,1.00,1.00
2015.09.09 03:27:07.717,1.10415,1.10444,1.50,1.00
2015.09.09 03:27:08.021,1.10409,1.10438,1.00,1.00
2015.09.09 03:27:09.392,1.10413,1.10443,1.00,1.00
2015.09.09 03:27:10.003,1.10413,1.10444,1.00,1.00
2015.09.09 03:27:22.095,1.10415,1.10444,1.00,1.00
2015.09.09 03:27:29.905,1.10416,1.10444,1.00,1.00
2015.09.09 03:27:39.883,1.10415,1.10444,1.00,1.00
2015.09.09 03:27:44.213,1.10417,1.10446,1.00,1.00
2015.09.09 03:27:44.466,1.10417,1.10449,1.00,2.25
2015.09.09 03:27:52.897,1.10418,1.10449,1.00,1.00
2015.09.09 03:27:52.998,1.10422,1.10451,1.00,1.00
2015.09.09 03:27:53.301,1.10424,1.10451,1.00,1.00
2015.09.09 03:27:53.554,1.10428,1.10456,1.00,1.00
2015.09.09 03:27:54.183,1.10424,1.10456,1.00,1.00
2015.09.09 03:28:14.244,1.10422,1.10452,1.00,1.00
2015.09.09 03:28:14.598,1.10422,1.10449,1.00,1.00
2015.09.09 03:28:14.649,1.10418,1.10449,1.00,1.00
2015.09.09 03:28:14.699,1.10413,1.10444,2.25,1.00
2015.09.09 03:28:15.146,1.10415,1.10444,1.00,1.00
2015.09.09 03:28:16.618,1.10414,1.10444,1.50,1.00
2015.09.09 03:28:16.670,1.10414,1.1045,1.50,1.00
2015.09.09 03:28:17.277,1.10414,1.10444,1.00,1.00
2015.09.09 03:28:17.782,1.10413,1.10444,1.00,1.00
2015.09.09 03:28:18.086,1.10415,1.10444,1.00,1.00
2015.09.09 03:28:18.427,1.10415,1.10448,1.00,1.00
2015.09.09 03:28:18.883,1.10417,1.10448,1.00,1.00
2015.09.09 03:28:19.190,1.10412,1.10446,1.00,1.00
2015.09.09 03:28:19.394,1.10416,1.10446,1.00,1.00
2015.09.09 03:28:19.912,1.10414,1.10446,1.00,1.00
2015.09.09 03:28:20.014,1.10414,1.10441,1.00,1.00
2015.09.09 03:28:20.875,1.10416,1.10441,1.00,1.00
2015.09.09 03:28:21.179,1.10412,1.10441,1.00,1.00
2015.09.09 03:28:21.930,1.1041,1.10447,1.50,1.00
2015.09.09 03:28:21.981,1.10413,1.10447,1.00,1.00
2015.09.09 03:28:22.285,1.10421,1.10446,1.00,1.00
2015.09.09 03:28:22.386,1.10417,1.10446,1.50,1.00
2015.09.09 03:28:26.499,1.10416,1.1045,1.00,1.00
2015.09.09 03:28:27.034,1.10416,1.10449,1.00,1.00
2015.09.09 03:28:27.980,1.10416,1.10444,1.00,1.00
2015.09.09 03:28:30.647,1.10414,1.10444,1.00,1.00
2015.09.09 03:28:30.698,1.10414,1.10446,1.50,1.00
2015.09.09 03:28:32.806,1.10414,1.1045,1.50,1.00
2015.09.09 03:28:33.045,1.10416,1.1045,1.00,1.00
2015.09.09 03:28:33.360,1.1042,1.1045,1.00,1.00
2015.09.09 03:28:33.896,1.1042,1.10449,1.00,1.00
2015.09.09 03:28:34.428,1.10421,1.10449,1.00,1.00
2015.09.09 03:28:35.021,1.1042,1.10449,1.00,1.00
2015.09.09 03:28:35.331,1.10422,1.10449,1.00,1.00
2015.09.09 03:28:35.399,1.10417,1.10449,1.00,1.00
2015.09.09 03:28:35.602,1.10422,1.10449,1.00,1.00
2015.09.09 03:28:36.107,1.10417,1.10449,1.00,1.00
2015.09.09 03:28:36.360,1.10414,1.10445,1.00,1.00
2015.09.09 03:28:36.668,1.10421,1.10445,1.00,1.00
2015.09.09 03:28:36.922,1.10414,1.10445,1.50,1.00
2015.09.09 03:28:37.124,1.10421,1.10445,1.00,1.00
2015.09.09 03:28:37.428,1.10414,1.10445,1.00,1.00
2015.09.09 03:28:46.772,1.10413,1.10441,1.00,1.00
2015.09.09 03:28:48.820,1.10415,1.10441,1.00,1.00
2015.09.09 03:28:52.444,1.10413,1.10441,1.00,1.00
2015.09.09 03:28:55.055,1.10413,1.10445,1.00,1.00
2015.09.09 03:28:57.066,1.10415,1.10445,1.00,1.00
2015.09.09 03:28:59.018,1.10415,1.10447,1.00,1.00
2015.09.09 03:29:17.014,1.10415,1.10445,1.00,1.00
2015.09.09 03:29:27.967,1.10413,1.10445,1.00,1.00
2015.09.09 03:29:35.004,1.10414,1.10445,1.00,1.00
2015.09.09 03:29:37.037,1.10413,1.10445,1.00,1.00
2015.09.09 03:29:39.651,1.10414,1.10445,1.00,1.00
2015.09.09 03:29:49.619,1.10413,1.10445,1.00,1.00
2015.09.09 03:29:50.192,1.10413,1.10447,1.00,1.00
2015.09.09 03:29:50.293,1.10413,1.10444,1.00,1.00
2015.09.09 03:29:50.622,1.10414,1.10441,1.00,1.00
2015.09.09 03:29:52.145,1.10412,1.10441,1.00,1.00
2015.09.09 03:29:56.340,1.10412,1.10439,1.00,1.00
2015.09.09 03:29:56.441,1.10408,1.10439,1.00,1.00
2015.09.09 03:30:03.114,1.10408,1.10436,1.00,1.00
2015.09.09 03:30:03.216,1.10403,1.10432,1.00,1.00
2015.09.09 03:30:03.368,1.10399,1.10428,1.00,1.00
2015.09.09 03:30:03.780,1.10398,1.10433,2.25,1.00
2015.09.09 03:30:13.884,1.10399,1.10428,1.00,1.00
2015.09.09 03:30:14.390,1.10399,1.10427,1.00,1.00
2015.09.09 03:30:14.915,1.10398,1.10427,1.00,1.00
2015.09.09 03:30:15.219,1.10404,1.10429,1.00,1.00
2015.09.09 03:30:15.523,1.10399,1.10428,1.00,1.00
2015.09.09 03:30:15.827,1.104,1.10431,1.00,1.00
2015.09.09 03:30:15.979,1.10397,1.10431,1.00,1.50
2015.09.09 03:30:16.131,1.10397,1.10428,1.00,1.00
2015.09.09 03:30:16.384,1.10398,1.10432,1.00,1.00
2015.09.09 03:30:16.536,1.10401,1.10433,1.00,1.00
2015.09.09 03:30:16.817,1.10402,1.10437,1.50,1.00
2015.09.09 03:30:19.959,1.10403,1.10438,1.00,1.00
2015.09.09 03:30:20.010,1.10403,1.10441,1.00,1.50
2015.09.09 03:30:20.112,1.10407,1.10441,1.00,1.50
2015.09.09 03:30:21.236,1.10408,1.10441,1.00,1.00
2015.09.09 03:30:22.784,1.10411,1.10442,1.00,1.50
2015.09.09 03:30:23.294,1.10411,1.10441,1.00,1.00
2015.09.09 03:30:28.048,1.10411,1.10437,1.00,1.00
2015.09.09 03:30:29.935,1.10412,1.10437,1.00,1.00
2015.09.09 03:30:30.158,1.10412,1.10439,1.00,1.00
2015.09.09 03:30:40.215,1.10413,1.10441,1.00,1.00
2015.09.09 03:30:40.373,1.10417,1.10441,1.00,1.00
2015.09.09 03:30:40.475,1.1042,1.10446,1.00,1.00
2015.09.09 03:30:40.678,1.10417,1.10446,1.50,1.00
2015.09.09 03:30:40.729,1.1042,1.10451,1.00,1.00
2015.09.09 03:30:40.780,1.10418,1.10447,1.00,1.00
2015.09.09 03:30:41.295,1.10417,1.10446,1.00,1.00
2015.09.09 03:30:41.845,1.10416,1.10446,1.00,1.00
2015.09.09 03:31:01.372,1.10415,1.10446,1.00,1.00
2015.09.09 03:31:08.725,1.10415,1.10447,1.50,1.00
2015.09.09 03:31:16.136,1.10416,1.10447,1.00,1.00
2015.09.09 03:31:18.411,1.10417,1.10447,1.00,1.00
2015.09.09 03:31:20.752,1.10417,1.10446,1.00,1.00
2015.09.09 03:31:21.273,1.10416,1.10446,1.00,1.50
2015.09.09 03:31:21.576,1.10415,1.10441,1.00,1.00
2015.09.09 03:31:24.466,1.10414,1.10441,1.00,1.00
2015.09.09 03:31:25.889,1.1041,1.10441,1.00,1.00
2015.09.09 03:31:29.110,1.1041,1.10441,1.00,1.75
2015.09.09 03:31:30.384,1.1041,1.10436,1.00,1.37
2015.09.09 03:31:30.436,1.10406,1.10436,1.00,1.50
2015.09.09 03:31:30.487,1.10404,1.10433,1.00,1.00
2015.09.09 03:31:30.778,1.10397,1.10428,1.00,1.00
2015.09.09 03:31:30.880,1.10397,1.10426,1.00,1.00
2015.09.09 03:31:30.983,1.10393,1.10426,1.00,1.00
2015.09.09 03:31:31.085,1.10395,1.10426,1.00,1.00
2015.09.09 03:31:32.708,1.10393,1.10422,1.00,1.00
2015.09.09 03:31:34.274,1.10391,1.1042,1.00,1.00
2015.09.09 03:31:34.426,1.10389,1.1042,1.00,1.50
2015.09.09 03:31:34.699,1.10387,1.10416,1.00,1.00
2015.09.09 03:31:36.317,1.10387,1.10419,1.00,1.00
2015.09.09 03:31:36.520,1.10391,1.1042,1.00,1.00
2015.09.09 03:31:42.797,1.10391,1.10423,1.00,1.50
2015.09.09 03:31:44.561,1.10392,1.10423,1.00,1.50
2015.09.09 03:31:45.641,1.10396,1.10423,1.00,1.00
2015.09.09 03:31:56.801,1.10395,1.10423,1.00,1.00
2015.09.09 03:32:10.482,1.10396,1.10423,1.00,1.00
2015.09.09 03:32:37.635,1.10406,1.10423,1.00,1.00
2015.09.09 03:32:37.737,1.10406,1.10427,1.00,1.00
2015.09.09 03:32:38.091,1.10409,1.10434,1.00,1.00
2015.09.09 03:32:38.388,1.10411,1.10434,1.00,1.00
2015.09.09 03:32:38.490,1.10411,1.10437,1.00,1.00
2015.09.09 03:32:41.008,1.10414,1.10437,1.00,1.00
2015.09.09 03:32:42.917,1.10411,1.10437,1.00,1.00
2015.09.09 03:32:44.761,1.10409,1.10437,1.00,1.00
2015.09.09 03:32:45.367,1.10405,1.10437,2.25,1.00
2015.09.09 03:32:45.924,1.10405,1.10437,2.25,1.00
2015.09.09 03:32:53.772,1.10407,1.10437,1.00,1.00
2015.09.09 03:32:54.023,1.10405,1.10437,1.50,1.00
2015.09.09 03:32:56.474,1.10405,1.10436,1.00,1.00
2015.09.09 03:32:56.575,1.10403,1.10431,1.00,1.00
2015.09.09 03:32:56.842,1.10398,1.10429,1.12,1.00
2015.09.09 03:32:58.213,1.10395,1.10426,1.50,1.00
2015.09.09 03:33:00.842,1.10395,1.10426,1.50,1.00
2015.09.09 03:33:01.251,1.10399,1.10428,1.37,1.00
2015.09.09 03:33:01.406,1.10401,1.10434,1.00,1.50
2015.09.09 03:33:01.508,1.10401,1.10434,1.75,1.00
2015.09.09 03:33:01.913,1.10398,1.10429,3.00,1.00
2015.09.09 03:33:02.014,1.10398,1.10429,1.75,1.00
2015.09.09 03:33:02.116,1.10398,1.10429,1.00,1.00
2015.09.09 03:33:02.395,1.10396,1.10426,1.00,1.00
2015.09.09 03:33:03.103,1.10396,1.10426,1.75,1.00
2015.09.09 03:33:03.205,1.10398,1.10429,1.75,1.00
2015.09.09 03:33:15.932,1.10397,1.10429,1.12,1.00
2015.09.09 03:33:24.432,1.10396,1.10427,1.50,1.00
2015.09.09 03:33:27.301,1.10396,1.10428,1.50,1.00
2015.09.09 03:33:37.645,1.10396,1.10427,1.50,1.00
2015.09.09 03:33:39.054,1.10396,1.10425,1.50,1.00
2015.09.09 03:33:40.414,1.10395,1.10422,1.75,1.00
2015.09.09 03:33:46.455,1.10399,1.10422,1.00,1.00
2015.09.09 03:33:46.854,1.10403,1.10422,1.00,1.00
2015.09.09 03:33:48.279,1.10402,1.10422,1.00,1.00
2015.09.09 03:33:48.828,1.10403,1.10422,1.00,1.00
2015.09.09 03:33:48.879,1.10403,1.10427,1.00,1.00
2015.09.09 03:33:50.763,1.10399,1.10427,1.00,1.00
2015.09.09 03:33:51.866,1.10417,1.10427,1.00,1.00
2015.09.09 03:33:52.019,1.10417,1.10437,1.00,1.75
2015.09.09 03:33:52.070,1.10417,1.10441,1.00,1.00
2015.09.09 03:33:52.121,1.10417,1.10439,1.00,1.00
2015.09.09 03:33:52.173,1.10411,1.10439,1.50,1.00
2015.09.09 03:33:52.274,1.10411,1.10439,1.75,1.00
2015.09.09 03:33:52.647,1.10413,1.10442,2.25,1.00
2015.09.09 03:33:52.749,1.10414,1.10445,2.25,1.00
2015.09.09 03:33:52.850,1.10417,1.10448,1.00,1.50
2015.09.09 03:33:53.154,1.10414,1.10448,2.25,1.00
2015.09.09 03:33:53.255,1.10414,1.10448,2.25,1.00
2015.09.09 03:33:53.761,1.10419,1.10449,1.50,1.00
2015.09.09 03:33:54.078,1.10423,1.1045,1.00,1.00
2015.09.09 03:33:54.587,1.10422,1.1045,1.00,1.00
2015.09.09 03:33:55.345,1.10423,1.1045,1.00,1.00
2015.09.09 03:33:56.824,1.10423,1.10444,1.00,1.00
2015.09.09 03:33:56.926,1.10417,1.10439,1.00,1.00
2015.09.09 03:33:57.027,1.10414,1.10439,1.00,1.00
2015.09.09 03:33:57.179,1.10411,1.10439,1.00,1.00
2015.09.09 03:33:58.651,1.1041,1.10439,1.00,1.00
2015.09.09 03:34:00.155,1.10417,1.10439,1.00,1.00
2015.09.09 03:34:00.357,1.10412,1.10439,1.00,1.00
2015.09.09 03:34:01.070,1.10412,1.10441,1.00,1.00
2015.09.09 03:34:01.596,1.10413,1.10442,1.00,1.00
2015.09.09 03:34:02.659,1.1042,1.10442,1.00,1.00
2015.09.09 03:34:02.828,1.10421,1.10446,1.00,1.00
2015.09.09 03:34:02.879,1.10416,1.10446,2.25,1.00
2015.09.09 03:34:03.081,1.10417,1.1045,1.50,1.00
2015.09.09 03:34:05.267,1.10418,1.1045,1.75,1.00
2015.09.09 03:34:05.570,1.10418,1.1045,1.75,1.00
2015.09.09 03:34:05.874,1.10416,1.10438,1.75,1.00
2015.09.09 03:34:06.091,1.10407,1.10433,1.00,1.00
2015.09.09 03:34:06.142,1.104,1.10427,1.00,1.00
2015.09.09 03:34:06.194,1.10409,1.10427,1.00,1.00
2015.09.09 03:34:06.245,1.10409,1.10432,1.00,1.00
2015.09.09 03:34:06.403,1.10409,1.1044,1.37,1.00
2015.09.09 03:34:06.908,1.1041,1.10441,1.12,1.00
2015.09.09 03:34:07.491,1.1041,1.10445,1.12,1.87
2015.09.09 03:34:07.845,1.10413,1.10445,1.00,1.12
2015.09.09 03:34:08.149,1.10417,1.10445,1.00,1.00
2015.09.09 03:34:08.200,1.10417,1.10448,1.12,1.00
2015.09.09 03:34:08.352,1.1042,1.10451,1.00,1.00
2015.09.09 03:34:08.804,1.1042,1.10453,1.37,1.00
2015.09.09 03:34:09.309,1.1042,1.10454,1.37,1.00
2015.09.09 03:34:09.511,1.10423,1.10454,1.00,1.00
2015.09.09 03:34:09.714,1.10423,1.10456,1.37,1.00
2015.09.09 03:34:10.298,1.1042,1.10449,1.87,1.00
2015.09.09 03:34:10.349,1.1042,1.10449,2.25,1.00
2015.09.09 03:34:10.400,1.10426,1.10451,1.00,1.00
2015.09.09 03:34:10.552,1.10427,1.10456,1.00,1.75
2015.09.09 03:34:10.604,1.10427,1.10456,1.00,1.00
2015.09.09 03:34:10.706,1.10423,1.10456,1.87,1.00
2015.09.09 03:34:11.161,1.10423,1.10452,1.87,1.00
2015.09.09 03:34:11.212,1.10422,1.10452,1.00,1.00
2015.09.09 03:34:11.263,1.10422,1.10449,1.00,1.00
2015.09.09 03:34:12.740,1.10422,1.10447,1.00,1.00
2015.09.09 03:34:12.892,1.10417,1.10444,1.50,1.00
2015.09.09 03:34:12.943,1.10415,1.10442,1.00,1.50
2015.09.09 03:34:13.251,1.1041,1.10438,1.00,1.00
2015.09.09 03:34:13.504,1.10407,1.10438,1.12,1.00
2015.09.09 03:34:15.526,1.1041,1.1044,1.00,1.00
2015.09.09 03:34:16.011,1.10406,1.1044,3.00,1.50
2015.09.09 03:34:20.661,1.10408,1.1044,1.00,1.00
2015.09.09 03:34:30.288,1.10408,1.10441,1.00,1.00
2015.09.09 03:34:30.591,1.10411,1.10441,1.00,1.00
2015.09.09 03:34:34.376,1.10409,1.10441,1.00,1.00
2015.09.09 03:34:35.046,1.10409,1.10442,1.00,1.00
2015.09.09 03:34:35.474,1.10409,1.10439,1.00,1.00
2015.09.09 03:34:41.723,1.10409,1.10438,1.00,1.00
2015.09.09 03:35:14.513,1.10406,1.10442,3.00,1.50
2015.09.09 03:35:16.273,1.10407,1.10436,2.25,1.00
2015.09.09 03:35:17.103,1.10406,1.10439,2.25,1.00
2015.09.09 03:35:17.654,1.10407,1.10438,1.50,1.00
2015.09.09 03:35:29.264,1.10407,1.10438,1.00,1.00
2015.09.09 03:35:36.948,1.10409,1.10438,1.00,1.00
2015.09.09 03:35:52.465,1.10409,1.10436,1.00,1.00
2015.09.09 03:35:58.635,1.1041,1.10436,1.00,1.00
2015.09.09 03:35:58.963,1.10413,1.10442,1.37,1.00
2015.09.09 03:35:59.115,1.10408,1.10442,1.87,1.00
2015.09.09 03:36:01.139,1.10411,1.10442,1.00,1.00
2015.09.09 03:36:06.993,1.1041,1.10439,1.00,1.00
2015.09.09 03:36:09.033,1.10408,1.10442,1.87,1.00
2015.09.09 03:36:21.036,1.10409,1.10438,1.00,1.00
2015.09.09 03:36:21.885,1.10409,1.10438,1.37,1.00
2015.09.09 03:36:22.403,1.10409,1.10438,1.75,1.00
2015.09.09 03:36:37.071,1.10409,1.10438,1.00,1.00
2015.09.09 03:36:40.435,1.10409,1.10438,1.75,1.00
2015.09.09 03:36:41.069,1.1041,1.10442,1.50,1.00
2015.09.09 03:36:44.400,1.1041,1.10443,2.25,1.00
2015.09.09 03:36:44.451,1.10413,1.10443,1.00,1.00
2015.09.09 03:36:44.553,1.10416,1.10447,1.12,1.00
2015.09.09 03:36:45.069,1.10416,1.10446,1.00,1.00
2015.09.09 03:36:45.120,1.10414,1.10443,1.00,1.00
2015.09.09 03:36:47.217,1.10413,1.10446,1.00,1.00
2015.09.09 03:36:48.014,1.10414,1.10447,1.00,1.12
2015.09.09 03:36:48.065,1.10414,1.10447,1.37,1.00
2015.09.09 03:36:48.567,1.10417,1.10448,1.12,1.50
2015.09.09 03:37:03.598,1.10417,1.10448,1.00,1.37
2015.09.09 03:37:13.408,1.10418,1.10447,1.00,1.12
2015.09.09 03:37:17.182,1.10417,1.10448,1.00,1.87
2015.09.09 03:37:18.890,1.10415,1.10444,1.00,1.00
2015.09.09 03:37:22.504,1.10412,1.10441,1.75,1.00
2015.09.09 03:37:22.966,1.10412,1.10441,1.00,1.00
2015.09.09 03:37:23.068,1.10407,1.10438,1.75,1.00
2015.09.09 03:37:25.026,1.10407,1.10437,1.75,1.00
2015.09.09 03:37:25.198,1.10407,1.10437,1.00,1.00
2015.09.09 03:37:35.563,1.10407,1.10435,1.00,1.00
2015.09.09 03:37:40.743,1.10405,1.10433,1.00,1.00
2015.09.09 03:37:42.751,1.10405,1.10435,1.50,1.00
2015.09.09 03:37:48.444,1.10405,1.10434,1.50,1.00
2015.09.09 03:38:07.518,1.10405,1.10436,1.00,1.00
2015.09.09 03:38:11.689,1.10405,1.10436,1.37,1.00
2015.09.09 03:38:13.007,1.10405,1.10437,1.37,1.50
2015.09.09 03:38:21.710,1.10404,1.10438,1.50,1.00
2015.09.09 03:38:25.977,1.10404,1.10437,1.50,1.00
2015.09.09 03:38:28.421,1.10408,1.10438,1.00,1.00
2015.09.09 03:38:35.415,1.10408,1.10438,1.75,1.50
2015.09.09 03:38:36.592,1.10412,1.10438,1.00,1.50
2015.09.09 03:38:41.265,1.10412,1.1044,1.00,1.10
2015.09.09 03:38:46.507,1.10412,1.10439,1.00,1.00
2015.09.09 03:38:47.074,1.10408,1.10439,1.75,1.50
2015.09.09 03:38:47.561,1.10407,1.10439,1.50,1.57
2015.09.09 03:38:48.183,1.10407,1.10437,1.50,1.00
2015.09.09 03:38:50.410,1.10407,1.10437,1.87,1.00
2015.09.09 03:38:57.719,1.10408,1.10439,1.12,1.00
2015.09.09 03:38:57.871,1.10411,1.1044,1.47,1.00
2015.09.09 03:38:58.174,1.10412,1.1044,1.12,1.00
2015.09.09 03:38:58.653,1.10412,1.10444,1.12,1.50
2015.09.09 03:38:58.870,1.10414,1.10444,1.37,1.50
2015.09.09 03:39:04.552,1.10414,1.10446,1.37,1.00
2015.09.09 03:39:07.778,1.10416,1.10447,1.07,1.00
2015.09.09 03:39:10.462,1.10415,1.10445,1.12,1.00
2015.09.09 03:39:44.862,1.10415,1.10445,1.57,1.10
2015.09.09 03:39:50.547,1.10415,1.10445,2.32,1.10
2015.09.09 03:40:08.847,1.10415,1.10445,1.50,1.00
2015.09.09 03:40:10.475,1.10415,1.10449,1.00,1.37
2015.09.09 03:40:11.100,1.10416,1.10449,1.00,1.37
2015.09.09 03:40:11.151,1.10419,1.10451,1.00,1.12
2015.09.09 03:40:11.485,1.10421,1.10452,1.50,1.00
2015.09.09 03:40:12.176,1.10424,1.10452,1.00,1.00
2015.09.09 03:40:12.701,1.10424,1.10456,1.50,1.12
2015.09.09 03:40:18.257,1.10424,1.10453,1.50,1.00
2015.09.09 03:40:20.461,1.10424,1.10458,1.50,2.62
2015.09.09 03:40:22.726,1.10424,1.10452,1.50,1.00
2015.09.09 03:40:27.726,1.10422,1.10452,1.50,1.00
2015.09.09 03:40:30.855,1.10421,1.10451,1.75,1.00
2015.09.09 03:40:30.957,1.1042,1.10451,1.87,1.10
2015.09.09 03:40:31.008,1.10417,1.10448,1.87,1.00
2015.09.09 03:40:31.059,1.10416,1.10448,1.87,1.57
2015.09.09 03:40:31.749,1.10415,1.10441,1.00,1.00
2015.09.09 03:40:31.800,1.10412,1.10441,1.45,1.00
2015.09.09 03:40:32.462,1.10412,1.10441,1.50,1.00
2015.09.09 03:40:40.185,1.10411,1.10444,1.75,1.00
2015.09.09 03:40:42.883,1.10411,1.10445,1.75,1.10
2015.09.09 03:40:43.096,1.1042,1.10446,1.00,1.07
2015.09.09 03:40:48.112,1.1042,1.10446,1.00,1.00
2015.09.09 03:40:51.922,1.1042,1.10448,1.00,1.10
2015.09.09 03:40:56.338,1.1042,1.10447,1.00,1.75
2015.09.09 03:40:56.490,1.10415,1.10445,1.00,1.12
2015.09.09 03:40:56.744,1.10421,1.10447,1.00,1.75
2015.09.09 03:40:56.794,1.10421,1.10447,1.00,1.12
2015.09.09 03:40:56.896,1.10421,1.10447,1.00,1.00
2015.09.09 03:40:57.364,1.10421,1.10446,1.00,1.35
2015.09.09 03:40:57.466,1.10417,1.10444,1.00,1.12
2015.09.09 03:40:57.568,1.10416,1.10444,1.00,2.25
2015.09.09 03:40:57.872,1.10416,1.10444,1.00,3.07
2015.09.09 03:40:58.502,1.10407,1.10441,1.10,1.75
2015.09.09 03:40:59.101,1.10414,1.10441,1.00,1.75
2015.09.09 03:41:00.052,1.10411,1.10441,1.00,1.75
2015.09.09 03:41:08.074,1.10417,1.10442,1.00,1.75
2015.09.09 03:41:10.080,1.10412,1.10442,1.00,1.75
2015.09.09 03:41:12.943,1.10412,1.10442,1.10,1.37
2015.09.09 03:41:12.994,1.10412,1.10442,1.10,1.00
2015.09.09 03:41:13.197,1.1042,1.10443,1.00,1.00
2015.09.09 03:41:13.677,1.10421,1.10446,1.00,1.00
2015.09.09 03:41:14.295,1.10421,1.10443,1.00,1.00
2015.09.09 03:41:14.801,1.10422,1.10443,1.00,1.00
2015.09.09 03:41:17.955,1.10422,1.10447,1.00,1.20
2015.09.09 03:41:28.464,1.10422,1.10447,1.00,1.20
2015.09.09 03:41:28.987,1.10422,1.10447,1.00,1.20
2015.09.09 03:41:33.965,1.10422,1.10447,1.00,1.50
2015.09.09 03:41:35.418,1.10419,1.10446,1.00,1.07
2015.09.09 03:41:54.984,1.10421,1.10445,1.00,1.37
2015.09.09 03:41:55.037,1.10418,1.10445,1.00,1.37
2015.09.09 03:42:00.848,1.10418,1.10444,1.00,1.87
2015.09.09 03:42:02.779,1.10415,1.10442,1.50,1.12
2015.09.09 03:42:13.754,1.10417,1.10441,1.00,1.12
2015.09.09 03:42:13.855,1.10419,1.10445,1.00,1.50
2015.09.09 03:42:14.452,1.1042,1.10446,1.00,1.50
2015.09.09 03:42:17.315,1.1042,1.10446,1.00,1.75
2015.09.09 03:42:23.694,1.1042,1.10447,1.00,1.50
2015.09.09 03:42:23.847,1.10424,1.10451,1.00,1.12
2015.09.09 03:42:24.206,1.10424,1.10448,1.00,1.87
2015.09.09 03:42:26.994,1.10424,1.10448,1.00,1.87
2015.09.09 03:42:31.484,1.10424,1.10448,1.00,1.12
2015.09.09 03:42:34.642,1.10428,1.10445,1.00,1.12
2015.09.09 03:42:35.062,1.10424,1.10445,1.00,1.12
2015.09.09 03:42:36.447,1.10424,1.10445,1.00,1.75
2015.09.09 03:42:36.658,1.1042,1.10443,1.00,1.75
2015.09.09 03:42:36.811,1.10417,1.10442,1.00,1.75
2015.09.09 03:42:37.418,1.10414,1.10443,1.00,2.25
2015.09.09 03:42:37.470,1.10414,1.10443,1.00,2.25
2015.09.09 03:42:37.773,1.10418,1.10441,1.00,1.37
2015.09.09 03:42:38.120,1.10422,1.10448,1.00,1.75
2015.09.09 03:42:38.222,1.1042,1.10448,1.12,1.75
2015.09.09 03:42:38.323,1.1042,1.10451,1.12,1.75
2015.09.09 03:42:38.375,1.10423,1.10451,1.00,2.25
2015.09.09 03:42:38.527,1.10424,1.10451,1.00,2.25
2015.09.09 03:42:38.578,1.10427,1.10453,1.00,1.75
2015.09.09 03:42:38.881,1.10433,1.10454,1.00,3.75
2015.09.09 03:42:39.093,1.10436,1.10455,1.00,1.12
2015.09.09 03:42:39.194,1.10436,1.10455,1.00,1.12
2015.09.09 03:42:39.347,1.10439,1.1046,1.00,3.75
2015.09.09 03:42:39.448,1.10439,1.10464,1.00,2.25
2015.09.09 03:42:39.953,1.10439,1.10464,1.00,3.75
2015.09.09 03:42:40.497,1.10439,1.10465,1.00,3.75
2015.09.09 03:42:40.549,1.10439,1.10465,1.00,1.75
2015.09.09 03:42:40.651,1.10435,1.1045,1.00,1.00
2015.09.09 03:42:40.753,1.10427,1.10449,1.00,1.50
2015.09.09 03:42:40.906,1.10427,1.10451,1.00,1.07
2015.09.09 03:42:40.957,1.10427,1.10451,1.00,1.75
2015.09.09 03:42:41.059,1.10427,1.10448,1.00,1.00
2015.09.09 03:42:41.110,1.10424,1.10452,1.00,1.87
2015.09.09 03:42:41.425,1.10429,1.10457,1.00,1.75
2015.09.09 03:42:41.729,1.10431,1.10458,1.00,4.12
2015.09.09 03:42:42.032,1.10435,1.10458,1.00,4.12
2015.09.09 03:42:42.183,1.10437,1.10459,1.00,1.12
2015.09.09 03:42:42.234,1.10439,1.10462,1.00,3.75
2015.09.09 03:42:42.285,1.10439,1.10466,1.00,3.00
2015.09.09 03:42:42.387,1.10442,1.10466,1.00,1.75
2015.09.09 03:42:42.951,1.10442,1.10466,1.00,1.75
2015.09.09 03:42:43.254,1.1044,1.10466,1.50,1.75
2015.09.09 03:42:43.609,1.10435,1.10463,1.00,1.12
2015.09.09 03:42:43.912,1.10434,1.10463,1.00,4.87
2015.09.09 03:42:44.065,1.1043,1.10457,1.00,1.12
2015.09.09 03:42:44.259,1.1043,1.10457,1.00,1.12
2015.09.09 03:42:44.512,1.10427,1.10452,1.00,1.50
2015.09.09 03:42:44.613,1.10425,1.10452,1.00,2.25
2015.09.09 03:42:47.915,1.10425,1.1045,1.00,1.50
2015.09.09 03:42:48.423,1.10422,1.1045,1.00,1.50
2015.09.09 03:42:49.794,1.10422,1.10451,1.00,3.00
2015.09.09 03:42:52.914,1.10419,1.10448,1.00,1.87
2015.09.09 03:42:52.965,1.10419,1.10447,1.00,1.12
2015.09.09 03:42:53.269,1.10419,1.10447,1.00,1.87
2015.09.09 03:42:54.018,1.10414,1.10446,1.50,2.62
2015.09.09 03:42:54.069,1.1042,1.10446,1.00,2.62
2015.09.09 03:42:54.120,1.10414,1.10446,1.00,2.62
2015.09.09 03:42:54.663,1.10414,1.10446,1.50,2.25
2015.09.09 03:42:57.680,1.10415,1.10443,1.00,1.00
2015.09.09 03:42:57.884,1.10423,1.10443,1.00,1.00
2015.09.09 03:42:57.985,1.10419,1.10443,1.00,1.00
2015.09.09 03:42:58.115,1.10419,1.10443,1.00,1.12
2015.09.09 03:42:58.166,1.10414,1.10443,1.00,1.12
2015.09.09 03:42:58.571,1.10412,1.10443,1.12,1.87
2015.09.09 03:42:58.672,1.10409,1.1044,1.75,1.07
2015.09.09 03:42:58.774,1.10409,1.10438,1.00,1.57
2015.09.09 03:42:58.876,1.10411,1.10437,1.00,1.12
2015.09.09 03:42:59.386,1.10405,1.10437,1.87,1.12
2015.09.09 03:42:59.539,1.10405,1.10437,1.87,1.75
2015.09.09 03:42:59.843,1.10406,1.10432,1.00,1.50
2015.09.09 03:43:00.197,1.10403,1.10432,1.00,1.75
2015.09.09 03:43:00.937,1.10407,1.10432,1.00,1.75
2015.09.09 03:43:01.089,1.10407,1.10432,1.00,1.07
2015.09.09 03:43:01.343,1.10404,1.10432,1.12,1.12
2015.09.09 03:43:01.445,1.10404,1.10432,1.00,1.75
2015.09.09 03:43:01.969,1.10404,1.1043,1.00,1.75
2015.09.09 03:43:02.682,1.104,1.1043,1.00,1.75
2015.09.09 03:43:06.910,1.10402,1.1043,1.00,2.25
2015.09.09 03:43:07.012,1.10403,1.1043,1.00,1.07
2015.09.09 03:43:07.265,1.10404,1.10433,1.00,1.12
2015.09.09 03:43:07.367,1.10405,1.10434,1.00,1.10
2015.09.09 03:43:07.469,1.10407,1.10434,1.00,1.10
2015.09.09 03:43:07.823,1.1041,1.10434,1.00,1.00
2015.09.09 03:43:07.924,1.1041,1.10437,1.00,1.00
2015.09.09 03:43:09.421,1.10411,1.10437,1.00,1.00
2015.09.09 03:43:09.928,1.10411,1.10437,1.00,1.07
2015.09.09 03:43:10.459,1.1041,1.10437,1.00,1.07
2015.09.09 03:43:13.656,1.10408,1.10437,1.00,1.07
2015.09.09 03:43:21.073,1.10407,1.10439,1.00,1.50
2015.09.09 03:43:22.545,1.10407,1.10435,1.50,1.00
2015.09.09 03:43:23.093,1.10407,1.10436,1.50,1.12
2015.09.09 03:43:24.124,1.10404,1.10436,1.57,1.12
2015.09.09 03:43:24.674,1.10405,1.10436,1.00,1.12
2015.09.09 03:43:25.274,1.10405,1.10436,1.00,1.50
2015.09.09 03:43:25.779,1.10405,1.10432,1.00,1.00
2015.09.09 03:43:26.399,1.10403,1.10432,1.00,1.00
2015.09.09 03:43:26.932,1.10403,1.10432,1.07,1.00
2015.09.09 03:43:27.456,1.10403,1.10432,1.00,1.20
2015.09.09 03:43:27.507,1.10399,1.1043,1.00,1.82
2015.09.09 03:43:27.811,1.104,1.10432,1.57,1.50
2015.09.09 03:43:27.913,1.104,1.10431,1.12,1.12
2015.09.09 03:43:28.216,1.10395,1.10425,1.50,1.87
2015.09.09 03:43:28.317,1.10396,1.10425,1.00,1.00
2015.09.09 03:43:28.839,1.10395,1.10425,1.57,1.10
2015.09.09 03:43:29.694,1.10395,1.10425,1.50,1.12
2015.09.09 03:43:30.372,1.10396,1.10425,1.00,1.87
2015.09.09 03:43:30.678,1.10396,1.10422,1.00,1.50
2015.09.09 03:43:31.368,1.10391,1.10422,2.25,1.50
2015.09.09 03:43:31.678,1.10396,1.10422,1.00,1.50
2015.09.09 03:43:31.780,1.10396,1.10422,1.00,1.07
2015.09.09 03:43:32.307,1.10395,1.10422,1.50,1.00
2015.09.09 03:43:32.459,1.10395,1.10425,1.50,1.10
2015.09.09 03:43:38.420,1.10396,1.10425,1.00,1.10
2015.09.09 03:43:39.473,1.10395,1.10425,1.10,1.10
2015.09.09 03:43:50.821,1.10395,1.10423,1.10,1.00
2015.09.09 03:43:50.922,1.10391,1.10424,1.12,2.32
2015.09.09 03:43:51.024,1.1039,1.10419,1.00,1.12
2015.09.09 03:43:51.397,1.10404,1.10414,1.00,1.00
2015.09.09 03:43:51.498,1.10403,1.10421,1.00,1.87
2015.09.09 03:43:51.600,1.10403,1.10421,1.00,1.07
2015.09.09 03:43:51.701,1.10396,1.10421,1.00,1.07
2015.09.09 03:43:52.156,1.10396,1.10421,1.00,1.12
2015.09.09 03:43:52.207,1.10392,1.10421,1.00,1.12
2015.09.09 03:43:55.287,1.10392,1.10415,1.00,1.00
2015.09.09 03:44:31.753,1.10395,1.10415,1.00,1.00
2015.09.09 03:44:31.805,1.10395,1.1042,1.00,1.50
2015.09.09 03:44:32.312,1.10395,1.1042,1.00,1.07
2015.09.09 03:44:32.849,1.10396,1.1042,1.00,1.07
2015.09.09 03:44:34.051,1.10395,1.1042,1.00,1.07
2015.09.09 03:44:35.256,1.10396,1.1042,1.00,1.07
2015.09.09 03:44:45.171,1.10403,1.1042,1.00,1.00
2015.09.09 03:44:45.222,1.10403,1.10425,1.00,1.50
2015.09.09 03:44:45.374,1.10404,1.10428,1.00,1.87
2015.09.09 03:44:45.728,1.10404,1.10432,1.00,1.75
2015.09.09 03:44:45.830,1.10404,1.10432,1.07,1.00
2015.09.09 03:44:46.276,1.10405,1.10434,1.87,1.00
2015.09.09 03:44:46.682,1.10413,1.10434,1.00,1.00
2015.09.09 03:44:47.187,1.10412,1.10434,1.00,1.00
2015.09.09 03:44:47.665,1.10422,1.10436,1.00,1.00
2015.09.09 03:44:47.766,1.10422,1.10442,1.00,1.75
2015.09.09 03:44:50.666,1.10417,1.10442,1.00,1.75
2015.09.09 03:44:50.767,1.10418,1.10442,1.00,2.25
2015.09.09 03:44:50.868,1.10421,1.10442,1.00,1.50
2015.09.09 03:44:50.970,1.10422,1.10442,1.00,1.10
2015.09.09 03:44:51.172,1.10425,1.10446,1.00,1.75
2015.09.09 03:44:51.223,1.10425,1.10446,1.00,1.00
2015.09.09 03:44:51.450,1.10426,1.10448,1.00,1.00
2015.09.09 03:44:51.706,1.10422,1.10452,1.00,2.25
2015.09.09 03:44:51.908,1.10425,1.10452,1.00,2.25
2015.09.09 03:44:52.768,1.10426,1.10452,1.00,1.75
2015.09.09 03:44:54.814,1.10425,1.10453,1.00,1.75
2015.09.09 03:44:57.854,1.10426,1.10453,1.00,1.75
2015.09.09 03:44:58.585,1.10426,1.10449,1.00,1.75
2015.09.09 03:44:58.838,1.10422,1.10449,1.00,1.75
2015.09.09 03:44:59.345,1.10422,1.10447,1.00,1.12
2015.09.09 03:45:00.417,1.10421,1.10447,1.00,1.12
2015.09.09 03:45:01.322,1.10423,1.10447,1.00,1.12
2015.09.09 03:45:03.757,1.10423,1.10449,1.00,1.50
2015.09.09 03:45:05.194,1.10426,1.10452,1.00,1.87
2015.09.09 03:45:05.765,1.10426,1.10452,1.50,1.12
2015.09.09 03:45:10.276,1.10426,1.10454,1.00,1.07
2015.09.09 03:45:10.766,1.10428,1.10454,1.00,1.07
2015.09.09 03:45:10.817,1.10425,1.10454,1.00,1.07
2015.09.09 03:45:11.470,1.10425,1.10457,1.07,1.87
2015.09.09 03:45:20.258,1.10425,1.10456,1.50,1.75
2015.09.09 03:45:21.771,1.10425,1.10456,1.12,1.75
2015.09.09 03:45:22.461,1.10426,1.10456,1.00,1.75
2015.09.09 03:45:31.235,1.10425,1.10456,1.00,1.75
2015.09.09 03:45:31.729,1.10425,1.10456,1.50,1.50
2015.09.09 03:45:33.026,1.10425,1.10456,1.00,1.75
2015.09.09 03:45:36.741,1.10425,1.10455,1.00,1.50
2015.09.09 03:45:38.391,1.10423,1.10455,1.10,1.50
2015.09.09 03:45:38.493,1.10423,1.1045,1.10,1.00
2015.09.09 03:45:39.029,1.10418,1.1045,1.75,1.20
2015.09.09 03:45:39.346,1.1042,1.10449,1.10,1.07
2015.09.09 03:45:42.467,1.1042,1.10449,1.00,1.75
2015.09.09 03:45:42.720,1.10418,1.10448,1.10,1.50
2015.09.09 03:45:45.016,1.10418,1.10448,1.00,1.07
2015.09.09 03:45:45.219,1.10417,1.10448,1.00,1.75
2015.09.09 03:45:45.573,1.10417,1.10448,1.00,1.75
2015.09.09 03:45:45.877,1.10415,1.10447,1.12,1.75
2015.09.09 03:45:46.029,1.10415,1.10449,1.95,1.75
2015.09.09 03:45:46.131,1.10415,1.10449,1.95,1.75
2015.09.09 03:45:51.385,1.10417,1.10449,1.50,1.07
2015.09.09 03:45:51.688,1.10418,1.10449,1.75,1.00
2015.09.09 03:45:52.693,1.10418,1.10451,1.75,1.57
2015.09.09 03:45:56.878,1.10419,1.1045,1.07,1.12
2015.09.09 03:46:03.469,1.10419,1.10452,1.50,2.25
2015.09.09 03:46:10.635,1.10419,1.10451,1.07,1.82
2015.09.09 03:46:11.147,1.10419,1.10452,1.10,1.82
2015.09.09 03:46:13.331,1.10419,1.10452,1.12,1.75
2015.09.09 03:46:13.635,1.10422,1.10449,1.50,1.00
2015.09.09 03:46:13.737,1.10423,1.10453,1.12,1.12
2015.09.09 03:46:14.378,1.10421,1.10455,1.50,1.57
2015.09.09 03:46:14.832,1.10419,1.10449,1.75,1.00
2015.09.09 03:46:15.338,1.1042,1.10448,1.75,1.00
2015.09.09 03:46:16.013,1.1042,1.10448,1.12,1.00
2015.09.09 03:46:25.502,1.10419,1.10448,1.57,1.12
2015.09.09 03:46:29.807,1.1042,1.10448,1.00,1.12
2015.09.09 03:46:32.319,1.10423,1.10448,1.00,1.00
2015.09.09 03:46:37.180,1.10421,1.10448,1.57,1.00
2015.09.09 03:46:37.230,1.10426,1.10455,1.00,1.12
2015.09.09 03:46:37.332,1.10426,1.10457,1.00,1.37
2015.09.09 03:46:37.383,1.10426,1.10459,1.00,3.00
2015.09.09 03:46:37.586,1.10429,1.10459,1.00,3.00
2015.09.09 03:46:39.809,1.10426,1.10456,1.50,1.10
2015.09.09 03:46:39.912,1.10426,1.10456,1.50,1.47
2015.09.09 03:46:40.114,1.10422,1.10453,1.10,1.95
2015.09.09 03:46:40.640,1.10423,1.1045,1.00,1.00
2015.09.09 03:46:43.887,1.10419,1.10444,1.50,1.00
2015.09.09 03:46:44.118,1.10417,1.10444,1.12,1.00
2015.09.09 03:46:44.169,1.10417,1.10448,1.10,2.25
2015.09.09 03:46:44.321,1.10421,1.10448,1.00,2.25
2015.09.09 03:46:44.827,1.10421,1.10447,1.00,1.00
2015.09.09 03:46:45.389,1.10422,1.10448,1.00,1.50
2015.09.09 03:46:56.744,1.10423,1.1045,1.00,1.00
2015.09.09 03:47:00.268,1.10423,1.1045,1.07,1.00
2015.09.09 03:47:04.898,1.10426,1.1045,1.00,1.00
2015.09.09 03:47:05.404,1.10425,1.10454,1.07,1.00
2015.09.09 03:47:09.792,1.10427,1.10455,1.00,1.00
2015.09.09 03:47:10.444,1.10427,1.10456,1.00,1.10
2015.09.09 03:47:10.951,1.10427,1.10456,1.57,1.00
2015.09.09 03:47:11.498,1.10427,1.10456,1.12,1.00
2015.09.09 03:47:11.650,1.10431,1.1046,1.00,1.57
2015.09.09 03:47:12.026,1.10426,1.10458,3.75,1.00
2015.09.09 03:47:13.655,1.10426,1.10458,3.07,1.07
2015.09.09 03:47:13.757,1.10429,1.10458,1.00,1.07
2015.09.09 03:47:14.436,1.10429,1.10458,1.00,1.00
2015.09.09 03:47:14.743,1.10429,1.10455,1.00,1.00
2015.09.09 03:47:17.918,1.10427,1.10455,1.00,1.10
2015.09.09 03:47:18.524,1.10426,1.10455,1.00,1.10
2015.09.09 03:47:21.294,1.10425,1.10455,1.10,2.32
2015.09.09 03:47:22.481,1.10424,1.10455,1.00,2.32
2015.09.09 03:47:23.378,1.10424,1.10452,1.00,1.50
2015.09.09 03:47:23.681,1.10422,1.1045,1.00,1.12
2015.09.09 03:47:23.833,1.10418,1.10449,1.10,1.07
2015.09.09 03:47:24.449,1.10418,1.10449,1.00,1.50
2015.09.09 03:47:24.551,1.10418,1.10449,1.57,1.10
2015.09.09 03:47:26.404,1.10418,1.10447,1.57,1.00
2015.09.09 03:47:26.709,1.10418,1.10449,1.00,1.75
2015.09.09 03:47:26.861,1.10418,1.10449,1.00,1.12
2015.09.09 03:47:28.320,1.10414,1.10443,3.75,1.00
2015.09.09 03:47:28.623,1.10416,1.10448,1.07,1.07
2015.09.09 03:47:29.140,1.10417,1.10446,1.10,1.00
2015.09.09 03:47:29.544,1.10414,1.10444,1.75,1.00
2015.09.09 03:47:29.646,1.10416,1.10448,1.07,1.07
2015.09.09 03:47:29.747,1.10416,1.10448,1.00,1.50
2015.09.09 03:47:29.849,1.10418,1.10448,1.00,1.10
2015.09.09 03:47:30.065,1.10416,1.10448,1.10,1.10
2015.09.09 03:47:30.426,1.10415,1.10444,1.20,1.00
2015.09.09 03:47:30.932,1.10416,1.10444,1.07,1.00
2015.09.09 03:47:31.033,1.10417,1.10448,1.10,1.57
2015.09.09 03:47:31.911,1.10417,1.10448,1.00,2.25
2015.09.09 03:47:32.240,1.10417,1.10448,1.57,1.57
2015.09.09 03:47:33.448,1.10417,1.10448,1.00,1.12
2015.09.09 03:47:34.085,1.10418,1.10448,1.00,1.07
2015.09.09 03:47:35.368,1.10417,1.10447,1.10,1.10
2015.09.09 03:47:35.784,1.10417,1.10448,1.00,1.50
2015.09.09 03:47:36.572,1.10417,1.10448,1.57,1.57
2015.09.09 03:47:37.446,1.10417,1.10448,1.00,1.50
2015.09.09 03:47:37.749,1.10418,1.10448,1.00,1.10
2015.09.09 03:47:38.853,1.10419,1.10448,1.00,1.00
2015.09.09 03:47:39.106,1.1042,1.10448,1.82,1.00
2015.09.09 03:47:39.207,1.1042,1.10455,2.32,1.75
2015.09.09 03:47:40.099,1.10423,1.10455,1.00,1.12
2015.09.09 03:47:40.302,1.10425,1.10455,1.00,1.12
2015.09.09 03:47:40.403,1.10425,1.10456,1.00,1.75
2015.09.09 03:47:42.378,1.10425,1.10457,1.10,1.12
2015.09.09 03:47:44.205,1.10423,1.10453,1.12,1.00
2015.09.09 03:47:44.424,1.10424,1.10457,1.07,1.12
2015.09.09 03:47:44.837,1.10436,1.10457,1.00,1.12
2015.09.09 03:47:45.040,1.10439,1.10464,1.12,1.00
2015.09.09 03:47:45.243,1.1044,1.10468,1.00,1.00
2015.09.09 03:47:45.294,1.1044,1.10468,1.37,1.00
2015.09.09 03:47:45.345,1.10443,1.1047,1.12,1.00
2015.09.09 03:47:45.396,1.10443,1.10468,1.12,1.00
2015.09.09 03:47:45.448,1.10438,1.10468,1.07,1.50
2015.09.09 03:47:45.499,1.10437,1.10466,2.25,1.00
2015.09.09 03:47:45.674,1.10437,1.10466,1.00,1.10
2015.09.09 03:47:46.029,1.10439,1.10466,1.12,1.00
2015.09.09 03:47:46.181,1.10442,1.10473,1.00,1.12
2015.09.09 03:47:46.232,1.10442,1.10473,1.10,1.00
2015.09.09 03:47:46.283,1.10442,1.1047,1.10,1.00
2015.09.09 03:47:46.384,1.10439,1.1047,1.07,1.87
2015.09.09 03:47:46.435,1.10439,1.1047,1.00,2.25
2015.09.09 03:47:46.688,1.10442,1.10473,1.00,1.57
2015.09.09 03:47:46.790,1.1044,1.1047,1.00,1.10
2015.09.09 03:47:47.327,1.10441,1.10469,1.10,1.00
2015.09.09 03:47:47.378,1.10441,1.10473,1.10,1.12
2015.09.09 03:47:51.945,1.10441,1.10471,1.12,2.25
2015.09.09 03:47:52.047,1.10437,1.10469,1.12,1.00
2015.09.09 03:47:52.149,1.10437,1.10469,1.10,1.07
2015.09.09 03:47:52.301,1.1044,1.10469,1.00,1.07
2015.09.09 03:47:52.756,1.10438,1.10469,1.00,1.07
2015.09.09 03:47:53.059,1.10437,1.10466,1.00,1.07
