2011.05.16 07:00:01.664,1.34734,1.34783,2.40,1.50
2011.05.16 07:00:01.771,1.34734,1.34783,2.40,2.63
2011.05.16 07:00:01.884,1.34725,1.34771,3.53,1.13
2011.05.16 07:00:02.764,1.34726,1.34774,1.50,5.03
2011.05.16 07:00:02.981,1.34726,1.34774,3.15,4.28
2011.05.16 07:00:04.521,1.34727,1.34774,2.25,2.25
2011.05.16 07:00:05.552,1.34727,1.34773,2.25,1.50
2011.05.16 07:00:06.322,1.34736,1.34774,1.50,1.50
2011.05.16 07:00:06.651,1.34744,1.34783,3.15,2.25
2011.05.16 07:00:06.762,1.34744,1.34783,1.50,1.50
2011.05.16 07:00:06.871,1.34743,1.34787,2.40,4.28
2011.05.16 07:00:07.202,1.34744,1.34787,3.15,1.50
2011.05.16 07:00:11.844,1.34743,1.34787,2.40,1.50
2011.05.16 07:00:12.172,1.34737,1.3478,1.50,4.50
2011.05.16 07:00:12.285,1.34727,1.34777,1.50,1.50
2011.05.16 07:00:12.763,1.34727,1.34777,1.50,1.50
2011.05.16 07:00:14.732,1.34727,1.34779,1.50,1.50
2011.05.16 07:00:14.843,1.34737,1.34781,3.53,1.50
2011.05.16 07:00:14.955,1.34741,1.34781,1.50,1.50
2011.05.16 07:00:15.943,1.34744,1.34784,2.78,2.25
2011.05.16 07:00:16.272,1.34741,1.34784,3.53,2.25
2011.05.16 07:00:16.712,1.34748,1.34784,2.78,2.25
2011.05.16 07:00:17.433,1.34748,1.34784,2.78,2.25
2011.05.16 07:00:17.653,1.34748,1.34784,2.78,2.25
2011.05.16 07:00:17.872,1.34743,1.34784,1.50,2.25
2011.05.16 07:00:17.982,1.34748,1.34784,2.78,2.25
2011.05.16 07:00:18.851,1.34748,1.34784,2.78,2.25
2011.05.16 07:00:19.394,1.34747,1.34784,2.78,2.25
2011.05.16 07:00:22.964,1.3474,1.34792,2.40,1.13
2011.05.16 07:00:23.512,1.34747,1.34783,2.78,2.25
2011.05.16 07:00:24.013,1.34748,1.34783,2.78,2.25
2011.05.16 07:00:24.452,1.34746,1.34783,2.78,2.25
2011.05.16 07:00:25.671,1.34745,1.34783,2.78,2.25
2011.05.16 07:00:25.781,1.34746,1.34783,2.78,2.25
2011.05.16 07:00:26.123,1.34747,1.34783,2.78,2.25
2011.05.16 07:00:26.342,1.34744,1.34792,3.53,1.13
2011.05.16 07:00:28.271,1.34746,1.34792,2.78,1.13
2011.05.16 07:00:28.490,1.34741,1.34792,3.71,1.13
2011.05.16 07:00:29.615,1.34743,1.34792,3.53,1.13
2011.05.16 07:00:29.842,1.34742,1.34792,3.71,1.13
2011.05.16 07:00:29.953,1.34743,1.34793,1.68,2.63
2011.05.16 07:00:30.282,1.34747,1.34793,2.40,2.63
2011.05.16 07:00:31.062,1.34744,1.3479,2.96,1.50
2011.05.16 07:00:31.502,1.34743,1.34792,1.68,1.13
2011.05.16 07:00:32.601,1.34747,1.34792,1.50,1.13
2011.05.16 07:00:33.212,1.34758,1.34792,4.50,1.13
2011.05.16 07:00:33.542,1.34758,1.34803,4.50,1.50
2011.05.16 07:00:33.652,1.3475,1.34799,2.25,1.50
2011.05.16 07:00:33.872,1.34747,1.34798,1.68,2.40
2011.05.16 07:00:34.091,1.34747,1.34794,1.68,2.25
2011.05.16 07:00:34.332,1.34747,1.34794,1.68,2.25
2011.05.16 07:00:34.882,1.34746,1.34794,1.68,2.25
2011.05.16 07:00:35.103,1.34747,1.348,3.18,2.10
2011.05.16 07:00:35.322,1.34747,1.34796,3.18,1.50
2011.05.16 07:00:35.762,1.34747,1.34796,3.18,1.50
2011.05.16 07:00:36.092,1.3475,1.34794,3.71,3.38
2011.05.16 07:00:36.201,1.34753,1.34794,1.50,2.63
2011.05.16 07:00:36.540,1.34747,1.34795,4.46,1.50
2011.05.16 07:00:36.873,1.34753,1.34801,3.53,1.50
2011.05.16 07:00:41.864,1.34753,1.3479,2.78,1.50
2011.05.16 07:00:42.252,1.34746,1.34787,2.25,1.50
2011.05.16 07:00:47.902,1.34745,1.34786,1.68,1.50
2011.05.16 07:00:48.231,1.34744,1.34786,1.35,3.15
2011.05.16 07:00:49.331,1.34741,1.34783,2.96,1.50
2011.05.16 07:00:55.100,1.34739,1.34777,1.68,2.10
2011.05.16 07:00:55.324,1.34724,1.34756,2.03,1.50
2011.05.16 07:00:55.875,1.34717,1.34754,2.25,1.50
2011.05.16 07:00:56.103,1.34717,1.34754,1.50,2.25
2011.05.16 07:00:56.652,1.34717,1.34748,1.50,1.50
2011.05.16 07:00:57.203,1.34707,1.34744,2.25,1.50
2011.05.16 07:00:57.422,1.34707,1.34746,2.25,1.50
2011.05.16 07:00:57.864,1.34699,1.34745,1.13,1.50
2011.05.16 07:00:58.302,1.34701,1.34745,1.13,1.50
2011.05.16 07:00:58.732,1.34703,1.34746,1.50,1.50
2011.05.16 07:01:02.084,1.34702,1.34746,1.13,1.50
2011.05.16 07:01:06.362,1.34697,1.34743,2.63,1.50
2011.05.16 07:01:06.803,1.34703,1.34746,1.50,1.50
2011.05.16 07:01:06.914,1.34699,1.34746,2.40,1.50
2011.05.16 07:01:07.021,1.34698,1.34748,1.13,1.50
2011.05.16 07:01:07.352,1.34707,1.34753,1.50,3.00
2011.05.16 07:01:10.662,1.34711,1.34757,1.50,1.50
2011.05.16 07:01:12.811,1.34707,1.34751,2.40,1.50
2011.05.16 07:01:13.252,1.34706,1.34752,1.50,2.40
2011.05.16 07:01:14.027,1.34707,1.34762,6.15,4.13
2011.05.16 07:01:14.375,1.34715,1.34762,1.50,1.35
2011.05.16 07:01:14.703,1.34715,1.34763,1.50,2.25
2011.05.16 07:01:15.583,1.34711,1.3476,1.68,1.50
2011.05.16 07:01:15.912,1.34707,1.34753,1.68,3.00
2011.05.16 07:01:16.241,1.34707,1.34753,1.68,3.00
2011.05.16 07:01:16.793,1.34705,1.34749,1.31,5.25
2011.05.16 07:01:17.013,1.34705,1.34744,1.13,1.50
2011.05.16 07:01:17.840,1.34705,1.34744,1.13,2.25
2011.05.16 07:01:17.957,1.34702,1.34744,1.13,2.25
2011.05.16 07:01:18.077,1.34704,1.34744,1.13,2.25
2011.05.16 07:01:19.444,1.34704,1.34744,1.13,2.25
2011.05.16 07:01:19.997,1.34693,1.34728,1.68,1.50
2011.05.16 07:01:20.333,1.34699,1.34735,2.40,2.10
2011.05.16 07:01:20.553,1.34707,1.34748,1.50,1.50
2011.05.16 07:01:21.215,1.34707,1.34755,2.25,1.50
2011.05.16 07:01:21.336,1.34704,1.34752,1.50,1.50
2011.05.16 07:01:21.456,1.347,1.34742,1.13,1.35
2011.05.16 07:01:21.573,1.34699,1.3474,1.31,1.50
2011.05.16 07:01:22.062,1.34701,1.34748,4.50,2.40
2011.05.16 07:01:22.404,1.34705,1.3475,1.65,1.50
2011.05.16 07:01:22.512,1.347,1.3475,1.13,1.50
2011.05.16 07:01:25.174,1.347,1.34745,3.15,1.50
2011.05.16 07:01:25.773,1.347,1.34751,1.13,1.50
2011.05.16 07:01:27.223,1.347,1.34753,1.13,2.25
2011.05.16 07:01:29.802,1.34708,1.34753,2.40,2.25
2011.05.16 07:01:29.913,1.34709,1.34753,2.40,2.25
2011.05.16 07:01:30.554,1.34716,1.34764,2.40,2.25
2011.05.16 07:01:30.671,1.34716,1.34756,1.65,1.50
2011.05.16 07:01:30.784,1.34706,1.34756,2.25,1.50
2011.05.16 07:01:30.904,1.34706,1.34761,6.00,1.50
2011.05.16 07:01:33.781,1.34709,1.34761,2.40,3.00
2011.05.16 07:01:34.841,1.34709,1.34755,1.65,1.50
2011.05.16 07:01:35.061,1.34706,1.34755,1.50,1.50
2011.05.16 07:01:40.471,1.347,1.34742,1.13,1.50
2011.05.16 07:01:40.692,1.34706,1.34748,1.50,2.40
2011.05.16 07:01:40.912,1.34708,1.34753,3.15,2.25
2011.05.16 07:01:41.133,1.34708,1.34754,2.40,1.50
2011.05.16 07:01:42.512,1.34699,1.34747,1.50,1.50
2011.05.16 07:01:43.725,1.34696,1.34744,2.43,1.50
2011.05.16 07:01:44.063,1.347,1.34751,1.50,1.50
2011.05.16 07:01:44.931,1.34701,1.34751,1.50,1.50
2011.05.16 07:01:47.342,1.34707,1.34753,3.15,2.25
2011.05.16 07:01:50.724,1.34711,1.34758,1.50,1.50
2011.05.16 07:01:51.064,1.34707,1.34747,1.68,1.50
2011.05.16 07:01:51.282,1.34707,1.34747,2.25,1.50
2011.05.16 07:01:52.751,1.34707,1.34749,1.50,1.50
2011.05.16 07:01:54.272,1.34707,1.34745,1.50,1.50
2011.05.16 07:01:54.603,1.34709,1.34754,4.88,1.50
2011.05.16 07:01:54.711,1.34715,1.34763,1.65,2.25
2011.05.16 07:01:55.274,1.34716,1.34765,1.50,1.50
2011.05.16 07:01:58.302,1.34716,1.34758,1.50,1.50
2011.05.16 07:01:58.522,1.34708,1.34758,3.15,1.50
2011.05.16 07:01:59.440,1.34714,1.34758,1.65,1.50
2011.05.16 07:01:59.974,1.34708,1.34758,1.50,1.50
2011.05.16 07:02:03.346,1.34708,1.34758,1.50,1.50
2011.05.16 07:02:04.011,1.34707,1.34756,1.13,1.50
2011.05.16 07:02:05.843,1.34706,1.34745,3.53,1.50
2011.05.16 07:02:06.063,1.34707,1.34752,1.13,1.50
2011.05.16 07:02:14.423,1.34704,1.34749,1.50,1.50
2011.05.16 07:02:14.752,1.34703,1.34752,1.50,1.50
2011.05.16 07:02:15.193,1.34708,1.34754,1.50,3.00
2011.05.16 07:02:25.520,1.34708,1.34758,1.50,1.50
2011.05.16 07:02:26.072,1.3471,1.34759,1.50,2.25
2011.05.16 07:02:26.401,1.34707,1.34759,2.40,1.50
2011.05.16 07:02:26.512,1.34706,1.34753,2.25,1.50
2011.05.16 07:02:26.621,1.34706,1.34753,2.25,1.50
2011.05.16 07:02:27.883,1.34706,1.34753,2.25,1.50
2011.05.16 07:02:28.212,1.34705,1.34753,1.88,3.00
2011.05.16 07:02:28.435,1.34705,1.34748,1.13,1.50
2011.05.16 07:02:28.954,1.34706,1.34753,1.50,2.25
2011.05.16 07:02:32.994,1.34705,1.34753,1.50,2.25
2011.05.16 07:02:33.432,1.34706,1.34753,1.50,2.25
2011.05.16 07:02:33.874,1.34708,1.34753,1.50,2.25
2011.05.16 07:02:34.096,1.34707,1.34754,2.40,1.50
2011.05.16 07:02:35.871,1.34708,1.34753,1.50,2.25
2011.05.16 07:02:36.422,1.34712,1.34764,1.35,2.25
2011.05.16 07:02:36.753,1.34713,1.34762,1.65,1.50
2011.05.16 07:02:37.336,1.34712,1.34762,1.35,1.50
2011.05.16 07:02:37.565,1.34706,1.34754,2.25,1.50
2011.05.16 07:02:38.016,1.34699,1.34745,1.13,1.50
2011.05.16 07:02:38.351,1.34704,1.34748,1.50,2.40
2011.05.16 07:02:39.931,1.34707,1.34747,2.25,1.50
2011.05.16 07:02:40.155,1.34707,1.34745,1.50,1.50
2011.05.16 07:02:40.275,1.34699,1.34745,1.13,1.50
2011.05.16 07:02:43.934,1.34699,1.34749,1.50,1.50
2011.05.16 07:02:45.923,1.34705,1.34754,1.50,4.65
2011.05.16 07:02:48.632,1.34706,1.34754,1.53,3.00
2011.05.16 07:02:48.950,1.34709,1.34761,1.35,3.15
2011.05.16 07:02:49.185,1.34717,1.34766,1.50,1.13
2011.05.16 07:02:49.632,1.34716,1.34762,1.50,1.50
2011.05.16 07:02:50.293,1.34709,1.34754,1.35,1.50
2011.05.16 07:02:52.221,1.34709,1.34754,1.73,1.50
2011.05.16 07:02:53.943,1.34713,1.34761,1.50,1.50
2011.05.16 07:02:54.055,1.34709,1.3476,1.13,1.50
2011.05.16 07:02:57.031,1.34709,1.3476,1.88,2.25
2011.05.16 07:02:58.483,1.34709,1.34753,1.13,1.50
2011.05.16 07:02:58.971,1.3471,1.34754,1.50,2.25
2011.05.16 07:02:59.936,1.3471,1.34759,1.50,1.50
2011.05.16 07:03:01.332,1.3471,1.34759,1.50,1.50
2011.05.16 07:03:01.556,1.34716,1.34763,1.50,2.25
2011.05.16 07:03:01.893,1.34709,1.3476,1.68,1.50
2011.05.16 07:03:02.112,1.34717,1.34764,1.50,2.25
2011.05.16 07:03:02.332,1.34719,1.34764,1.50,2.25
2011.05.16 07:03:02.553,1.34717,1.34765,3.00,1.50
2011.05.16 07:03:02.662,1.34717,1.34765,3.00,1.50
2011.05.16 07:03:04.245,1.34717,1.34759,1.50,1.50
2011.05.16 07:03:04.586,1.34717,1.34759,1.50,1.50
2011.05.16 07:03:04.818,1.34709,1.34758,1.68,1.50
2011.05.16 07:03:04.937,1.3471,1.34759,1.50,1.50
2011.05.16 07:03:05.382,1.34713,1.34761,1.50,3.53
2011.05.16 07:03:05.497,1.34714,1.34763,1.50,1.50
2011.05.16 07:03:05.724,1.34718,1.3477,1.50,1.50
2011.05.16 07:03:05.952,1.34726,1.3477,1.50,1.50
2011.05.16 07:03:06.173,1.34726,1.34772,2.25,1.50
2011.05.16 07:03:06.392,1.34726,1.34772,1.50,1.50
2011.05.16 07:03:07.273,1.34723,1.34771,1.50,1.50
2011.05.16 07:03:12.241,1.34723,1.34766,1.50,1.50
2011.05.16 07:03:12.597,1.34723,1.34765,1.50,1.50
2011.05.16 07:03:12.713,1.34718,1.34764,2.40,1.50
2011.05.16 07:03:13.043,1.34726,1.34767,1.50,1.50
2011.05.16 07:03:13.152,1.34726,1.3477,1.50,1.50
2011.05.16 07:03:14.043,1.34727,1.34768,1.50,1.50
2011.05.16 07:03:14.155,1.34718,1.34768,1.50,1.50
2011.05.16 07:03:18.402,1.34717,1.34767,1.50,2.10
2011.05.16 07:03:20.394,1.34719,1.34767,1.35,1.50
2011.05.16 07:03:20.612,1.3472,1.34767,1.35,1.50
2011.05.16 07:03:21.273,1.34719,1.34767,1.35,1.50
2011.05.16 07:03:22.263,1.34716,1.34761,2.25,1.50
2011.05.16 07:03:23.402,1.34725,1.34763,2.40,1.50
2011.05.16 07:03:23.842,1.34721,1.3477,1.35,1.50
2011.05.16 07:03:24.171,1.34725,1.34773,4.50,2.25
2011.05.16 07:03:24.522,1.34726,1.34776,2.25,1.50
2011.05.16 07:03:24.744,1.34726,1.34776,2.25,1.50
2011.05.16 07:03:26.701,1.34726,1.34772,1.50,1.50
2011.05.16 07:03:27.088,1.34722,1.34772,1.35,1.50
2011.05.16 07:03:27.424,1.34722,1.34765,1.35,1.50
2011.05.16 07:03:30.683,1.3473,1.34779,2.40,1.88
2011.05.16 07:03:32.881,1.3473,1.34779,2.40,1.13
2011.05.16 07:03:32.992,1.34737,1.34779,2.40,1.13
2011.05.16 07:03:33.222,1.34742,1.3478,1.50,1.13
2011.05.16 07:03:33.772,1.34747,1.34791,1.50,1.50
2011.05.16 07:03:35.783,1.34747,1.34787,1.50,1.50
2011.05.16 07:03:36.002,1.34737,1.34787,1.50,1.50
2011.05.16 07:03:36.113,1.34738,1.3478,1.65,1.50
2011.05.16 07:03:36.222,1.34736,1.3478,1.88,1.50
2011.05.16 07:03:41.515,1.34736,1.34775,1.88,1.50
2011.05.16 07:03:42.074,1.34736,1.34779,1.13,1.50
2011.05.16 07:03:42.185,1.34742,1.34781,1.35,1.50
2011.05.16 07:03:42.308,1.34743,1.34791,1.50,3.15
2011.05.16 07:03:42.532,1.34746,1.34791,1.50,1.50
2011.05.16 07:03:43.182,1.34746,1.34794,2.10,1.50
2011.05.16 07:03:43.406,1.34751,1.34801,1.35,1.50
2011.05.16 07:03:43.648,1.34764,1.34803,1.35,1.13
2011.05.16 07:03:43.874,1.34765,1.34799,1.65,1.50
2011.05.16 07:03:44.096,1.34752,1.34797,2.78,1.50
2011.05.16 07:03:44.215,1.34746,1.34793,2.40,1.50
2011.05.16 07:03:44.335,1.34746,1.3478,1.65,1.50
2011.05.16 07:03:44.454,1.3474,1.3478,1.35,2.25
2011.05.16 07:03:44.565,1.34736,1.34778,2.25,1.35
2011.05.16 07:03:47.608,1.34729,1.34778,1.50,1.35
2011.05.16 07:03:49.512,1.34737,1.34778,1.50,1.35
2011.05.16 07:03:51.463,1.34726,1.34773,3.23,2.25
2011.05.16 07:03:51.572,1.34727,1.34771,1.13,1.35
2011.05.16 07:03:51.903,1.34725,1.34753,1.13,1.65
2011.05.16 07:03:52.123,1.34715,1.3476,1.50,5.03
2011.05.16 07:03:52.453,1.34723,1.34771,1.50,2.25
2011.05.16 07:03:52.565,1.34736,1.34771,4.50,1.50
2011.05.16 07:03:52.683,1.34736,1.34783,4.50,2.25
2011.05.16 07:03:52.792,1.34735,1.34783,2.40,2.25
2011.05.16 07:03:57.542,1.34735,1.34781,1.65,1.50
2011.05.16 07:03:57.656,1.34731,1.34781,1.50,1.50
2011.05.16 07:03:57.882,1.34741,1.34783,2.40,2.25
2011.05.16 07:03:57.994,1.34737,1.34787,4.50,2.40
2011.05.16 07:03:58.102,1.34736,1.34781,1.50,1.50
2011.05.16 07:03:58.213,1.34734,1.34781,2.78,1.50
2011.05.16 07:03:58.543,1.34726,1.34781,2.25,1.50
2011.05.16 07:03:58.873,1.34723,1.34774,1.88,2.25
2011.05.16 07:03:58.981,1.34724,1.34774,1.50,2.25
2011.05.16 07:04:00.277,1.34729,1.34774,2.40,2.25
2011.05.16 07:04:00.614,1.34735,1.34784,2.40,2.25
2011.05.16 07:04:01.066,1.34736,1.34784,4.50,2.25
2011.05.16 07:04:01.297,1.3473,1.34754,2.78,1.50
2011.05.16 07:04:01.415,1.34728,1.34754,2.78,1.50
2011.05.16 07:04:01.531,1.34728,1.34752,2.78,1.50
2011.05.16 07:04:01.862,1.34711,1.34759,2.43,1.50
2011.05.16 07:04:02.082,1.34714,1.34759,1.50,1.50
2011.05.16 07:04:02.742,1.34714,1.34752,1.50,1.50
2011.05.16 07:04:03.296,1.34723,1.34755,1.73,3.53
2011.05.16 07:04:03.416,1.34723,1.34773,1.73,2.25
2011.05.16 07:04:03.727,1.34721,1.34768,1.73,1.50
2011.05.16 07:04:04.283,1.34721,1.34761,1.13,1.50
2011.05.16 07:04:04.831,1.34721,1.34761,1.13,1.50
2011.05.16 07:04:08.552,1.34721,1.3476,1.13,1.50
2011.05.16 07:04:08.771,1.34712,1.3476,1.13,1.50
2011.05.16 07:04:11.032,1.34712,1.34763,1.13,5.03
2011.05.16 07:04:13.284,1.34728,1.34762,1.50,2.78
2011.05.16 07:04:13.506,1.34719,1.34769,2.25,1.50
2011.05.16 07:04:15.192,1.34727,1.3477,1.50,1.50
2011.05.16 07:04:15.742,1.34727,1.34771,1.50,1.50
2011.05.16 07:04:16.294,1.34722,1.34769,1.50,1.50
2011.05.16 07:04:17.502,1.34722,1.34769,1.50,1.50
2011.05.16 07:04:19.682,1.34722,1.34761,1.88,1.35
2011.05.16 07:04:20.013,1.34717,1.34757,1.50,1.50
2011.05.16 07:04:25.391,1.34712,1.34753,1.50,1.50
2011.05.16 07:04:25.501,1.34706,1.34753,2.25,1.50
2011.05.16 07:04:27.981,1.34709,1.34753,1.50,1.50
2011.05.16 07:04:28.422,1.34711,1.34759,3.15,1.50
2011.05.16 07:04:28.863,1.34711,1.34759,2.40,1.50
2011.05.16 07:04:29.233,1.34715,1.3476,2.40,1.35
2011.05.16 07:04:29.342,1.34715,1.34759,1.65,1.50
2011.05.16 07:04:29.453,1.3471,1.34751,2.40,1.50
2011.05.16 07:04:29.673,1.34709,1.34755,1.13,1.50
2011.05.16 07:04:30.991,1.34709,1.34757,1.13,1.50
2011.05.16 07:04:31.434,1.34709,1.34757,1.88,1.50
2011.05.16 07:04:31.543,1.34715,1.3476,1.50,2.10
2011.05.16 07:04:31.765,1.34719,1.34764,3.00,2.25
2011.05.16 07:04:31.995,1.34722,1.34769,1.65,1.50
2011.05.16 07:04:32.114,1.34719,1.34769,1.35,1.50
2011.05.16 07:04:35.312,1.34713,1.34762,3.15,1.50
2011.05.16 07:04:35.861,1.34712,1.34762,2.25,1.50
2011.05.16 07:04:36.963,1.34714,1.34763,1.50,2.25
2011.05.16 07:04:37.293,1.34726,1.34768,1.50,1.50
2011.05.16 07:04:42.933,1.34727,1.34771,1.50,1.35
2011.05.16 07:04:43.414,1.34728,1.34776,3.15,1.50
2011.05.16 07:04:44.177,1.34728,1.34776,3.15,1.50
2011.05.16 07:04:51.403,1.34728,1.34771,1.65,1.50
2011.05.16 07:04:51.513,1.34723,1.34771,1.35,1.50
2011.05.16 07:04:51.734,1.34724,1.34774,1.35,2.25
2011.05.16 07:04:51.952,1.34728,1.34774,1.65,2.25
2011.05.16 07:04:54.736,1.34728,1.34777,1.65,1.50
2011.05.16 07:04:55.072,1.34728,1.34777,2.40,1.50
2011.05.16 07:04:55.622,1.34728,1.34777,2.40,1.50
2011.05.16 07:04:57.463,1.34728,1.34779,3.15,1.35
2011.05.16 07:04:58.471,1.34735,1.34779,1.50,1.35
2011.05.16 07:04:59.023,1.34732,1.34777,2.40,1.50
2011.05.16 07:05:02.310,1.34727,1.34774,1.50,2.25
2011.05.16 07:05:03.003,1.34724,1.34772,1.35,1.50
2011.05.16 07:05:03.555,1.34722,1.3477,1.13,1.35
2011.05.16 07:05:04.048,1.34722,1.34769,1.13,1.35
2011.05.16 07:05:06.117,1.34721,1.34769,1.13,2.10
2011.05.16 07:05:07.671,1.34722,1.34762,1.13,1.35
2011.05.16 07:05:08.003,1.34721,1.3476,1.13,1.35
2011.05.16 07:05:08.333,1.34706,1.3475,2.25,1.35
2011.05.16 07:05:08.442,1.34706,1.34753,2.25,1.35
2011.05.16 07:05:08.553,1.34703,1.34753,1.50,1.35
2011.05.16 07:05:08.772,1.34703,1.34753,1.50,1.35
2011.05.16 07:05:08.994,1.34703,1.34753,1.50,2.10
2011.05.16 07:05:09.282,1.34712,1.3476,1.50,1.50
2011.05.16 07:05:10.065,1.34715,1.34764,1.50,1.50
2011.05.16 07:05:10.622,1.34717,1.34766,2.25,1.50
2011.05.16 07:05:11.963,1.34722,1.34773,1.50,2.25
2011.05.16 07:05:12.402,1.34728,1.34775,1.50,1.13
2011.05.16 07:05:13.469,1.34728,1.34775,1.50,1.13
2011.05.16 07:05:13.849,1.34727,1.34774,2.25,1.13
2011.05.16 07:05:23.441,1.34729,1.34777,1.50,1.50
2011.05.16 07:05:23.661,1.34727,1.34775,2.25,1.50
2011.05.16 07:05:25.771,1.34727,1.34775,2.25,1.50
2011.05.16 07:05:26.104,1.34727,1.34773,2.25,3.53
2011.05.16 07:05:26.322,1.34727,1.34775,2.25,3.15
2011.05.16 07:05:33.065,1.34737,1.34778,1.50,2.40
2011.05.16 07:05:33.188,1.34737,1.34782,1.50,3.53
2011.05.16 07:05:33.525,1.34745,1.34782,1.50,2.78
2011.05.16 07:05:33.754,1.34749,1.34787,1.50,1.13
2011.05.16 07:05:34.303,1.34749,1.34787,1.50,1.13
2011.05.16 07:05:34.865,1.34749,1.34787,1.50,1.13
2011.05.16 07:05:36.361,1.34749,1.34787,1.50,1.13
2011.05.16 07:05:37.253,1.34747,1.34787,2.25,1.13
2011.05.16 07:05:37.532,1.34747,1.34786,1.50,1.13
2011.05.16 07:05:40.553,1.34743,1.34786,1.68,1.13
2011.05.16 07:05:43.662,1.34742,1.34787,1.53,1.50
2011.05.16 07:05:48.381,1.34738,1.34787,1.68,1.50
2011.05.16 07:05:51.165,1.34742,1.34784,5.25,5.03
2011.05.16 07:05:51.285,1.34747,1.34787,1.50,3.00
2011.05.16 07:05:51.403,1.34746,1.34787,2.40,1.50
2011.05.16 07:05:51.733,1.34747,1.34787,1.50,1.50
2011.05.16 07:05:52.922,1.34737,1.34785,1.68,3.53
2011.05.16 07:05:54.915,1.34742,1.34784,1.50,3.53
2011.05.16 07:05:57.862,1.34738,1.34786,1.68,1.50
2011.05.16 07:06:00.311,1.34738,1.34786,1.68,1.50
2011.05.16 07:06:02.922,1.34738,1.34786,1.68,1.50
2011.05.16 07:06:03.254,1.34747,1.34793,1.50,1.50
2011.05.16 07:06:05.227,1.34743,1.34791,1.35,2.40
2011.05.16 07:06:05.782,1.34741,1.34786,2.28,1.50
2011.05.16 07:06:08.255,1.34748,1.34791,1.50,2.40
2011.05.16 07:06:08.473,1.34745,1.34793,2.40,1.13
2011.05.16 07:06:09.022,1.34746,1.34792,1.50,1.50
2011.05.16 07:06:11.771,1.34746,1.34792,1.50,1.50
2011.05.16 07:06:12.375,1.34746,1.34795,2.25,1.13
2011.05.16 07:06:12.493,1.34745,1.34794,1.50,3.53
2011.05.16 07:06:12.603,1.34745,1.34789,2.40,1.50
2011.05.16 07:06:12.823,1.34741,1.34782,1.50,1.50
2011.05.16 07:06:14.151,1.34736,1.34782,2.25,2.25
2011.05.16 07:06:14.703,1.3474,1.34788,2.25,1.50
2011.05.16 07:06:15.251,1.34736,1.34782,2.25,2.25
2011.05.16 07:06:16.913,1.34731,1.34782,1.68,3.15
2011.05.16 07:06:23.753,1.34734,1.34782,1.50,2.40
2011.05.16 07:06:24.086,1.34729,1.34779,3.53,1.50
2011.05.16 07:06:26.543,1.34725,1.34774,1.13,2.25
2011.05.16 07:06:29.043,1.3473,1.34779,1.50,1.65
2011.05.16 07:06:29.152,1.3473,1.34783,1.50,3.60
2011.05.16 07:06:29.371,1.34738,1.34783,1.50,2.85
2011.05.16 07:06:32.432,1.34743,1.34783,1.50,1.50
2011.05.16 07:06:32.545,1.34743,1.34788,1.50,1.50
2011.05.16 07:06:32.991,1.34736,1.34786,2.25,2.25
2011.05.16 07:06:35.618,1.34736,1.34781,2.25,2.25
2011.05.16 07:06:36.254,1.34729,1.34776,3.53,1.50
2011.05.16 07:06:37.612,1.34736,1.34785,1.50,5.93
2011.05.16 07:06:37.731,1.34736,1.34785,2.25,5.93
2011.05.16 07:06:38.173,1.34736,1.3478,2.25,1.50
2011.05.16 07:06:40.662,1.34734,1.34784,1.50,2.25
2011.05.16 07:06:41.323,1.34736,1.3478,2.25,1.50
2011.05.16 07:06:44.384,1.34726,1.3478,2.25,1.50
2011.05.16 07:06:48.461,1.34725,1.34773,1.13,2.25
2011.05.16 07:06:51.127,1.34728,1.34773,1.50,1.50
2011.05.16 07:06:51.243,1.34734,1.34784,1.50,2.25
2011.05.16 07:06:51.353,1.34734,1.34784,1.50,2.25
2011.05.16 07:06:53.464,1.34736,1.3478,2.25,1.50
2011.05.16 07:06:55.063,1.34734,1.34783,1.50,2.25
2011.05.16 07:06:57.780,1.34741,1.34791,2.28,1.88
2011.05.16 07:06:58.005,1.34741,1.34791,2.28,1.50
2011.05.16 07:06:59.783,1.34746,1.3479,1.50,1.50
2011.05.16 07:07:00.811,1.34742,1.3479,1.50,1.50
2011.05.16 07:07:01.146,1.34747,1.34792,3.00,1.13
2011.05.16 07:07:07.972,1.34747,1.34799,3.00,1.13
2011.05.16 07:07:08.221,1.34747,1.34798,3.00,1.50
2011.05.16 07:07:16.213,1.34748,1.34798,1.50,1.50
2011.05.16 07:07:16.542,1.34748,1.34796,1.50,1.50
2011.05.16 07:07:19.276,1.34751,1.34803,1.50,3.53
2011.05.16 07:07:19.623,1.34747,1.34797,1.50,1.50
2011.05.16 07:07:20.062,1.34744,1.34788,1.50,1.50
2011.05.16 07:07:20.458,1.34741,1.34787,1.68,2.40
2011.05.16 07:07:20.576,1.34739,1.34783,1.50,1.50
2011.05.16 07:07:20.804,1.34737,1.34783,1.50,1.50
2011.05.16 07:07:21.811,1.34741,1.34783,1.50,1.50
2011.05.16 07:07:22.753,1.34741,1.34783,1.50,2.25
2011.05.16 07:07:22.973,1.34738,1.34783,1.50,1.50
2011.05.16 07:07:23.302,1.34741,1.34783,1.50,2.25
2011.05.16 07:07:25.743,1.34737,1.34781,1.50,1.50
2011.05.16 07:07:26.513,1.3474,1.34784,1.50,1.35
2011.05.16 07:07:27.412,1.34738,1.34781,1.50,1.50
2011.05.16 07:07:29.222,1.34739,1.34784,1.50,1.35
2011.05.16 07:07:32.872,1.34743,1.34784,1.50,1.35
2011.05.16 07:07:33.442,1.34741,1.34784,2.40,1.35
2011.05.16 07:07:35.333,1.34743,1.34788,1.50,1.50
2011.05.16 07:07:35.665,1.34737,1.3478,3.53,1.50
2011.05.16 07:07:36.009,1.34726,1.34769,3.00,2.40
2011.05.16 07:07:36.562,1.34732,1.34781,1.50,4.28
2011.05.16 07:07:37.033,1.34733,1.34781,1.50,1.50
2011.05.16 07:07:39.166,1.34729,1.34776,1.35,1.50
2011.05.16 07:07:39.503,1.34726,1.34771,2.25,1.50
2011.05.16 07:07:40.993,1.34728,1.34775,1.50,1.50
2011.05.16 07:07:41.669,1.34726,1.34771,2.25,1.50
2011.05.16 07:07:48.111,1.34726,1.3477,2.25,1.50
2011.05.16 07:07:49.104,1.34726,1.34775,3.00,1.50
2011.05.16 07:07:49.654,1.34734,1.34776,2.25,1.50
2011.05.16 07:07:49.763,1.34742,1.34776,1.35,1.50
2011.05.16 07:07:49.874,1.34749,1.34784,2.40,1.13
2011.05.16 07:07:50.092,1.34749,1.34783,1.65,1.13
2011.05.16 07:07:50.579,1.34736,1.34782,1.68,3.53
2011.05.16 07:07:50.700,1.34735,1.34783,1.50,3.38
2011.05.16 07:07:51.475,1.34737,1.34783,2.55,2.63
2011.05.16 07:07:51.813,1.34767,1.34794,1.50,1.50
2011.05.16 07:07:51.927,1.3476,1.34786,1.35,1.13
2011.05.16 07:07:52.046,1.34757,1.34781,1.50,3.53
2011.05.16 07:07:52.164,1.34746,1.34781,1.50,4.28
2011.05.16 07:07:52.275,1.34757,1.34781,2.25,3.53
2011.05.16 07:07:52.396,1.34757,1.34791,3.90,1.50
2011.05.16 07:07:52.513,1.34756,1.34791,1.35,1.50
2011.05.16 07:07:52.734,1.34755,1.34791,4.50,1.50
2011.05.16 07:07:53.172,1.34749,1.34786,2.40,1.13
2011.05.16 07:07:53.393,1.34746,1.34785,2.25,2.63
2011.05.16 07:07:53.615,1.34743,1.34785,1.50,1.13
2011.05.16 07:07:53.733,1.34737,1.34785,3.00,1.88
2011.05.16 07:07:55.834,1.34737,1.34785,1.50,1.13
2011.05.16 07:07:56.772,1.34737,1.34785,1.50,1.88
2011.05.16 07:07:58.182,1.34737,1.34784,1.50,2.25
2011.05.16 07:07:59.564,1.34735,1.3478,1.35,1.50
2011.05.16 07:08:00.443,1.34738,1.34781,1.50,1.50
2011.05.16 07:08:00.552,1.34737,1.34781,1.50,1.50
2011.05.16 07:08:00.775,1.34731,1.34781,1.50,1.50
2011.05.16 07:08:01.300,1.34723,1.34771,1.13,1.50
2011.05.16 07:08:01.636,1.34724,1.34764,1.13,1.50
2011.05.16 07:08:02.194,1.34723,1.34763,1.13,1.50
2011.05.16 07:08:02.524,1.34734,1.34763,1.50,1.50
2011.05.16 07:08:02.896,1.34724,1.34754,1.50,1.50
2011.05.16 07:08:03.016,1.34724,1.34764,1.50,1.50
2011.05.16 07:08:04.562,1.34724,1.34754,1.50,1.50
2011.05.16 07:08:04.892,1.34724,1.34754,1.50,1.50
2011.05.16 07:08:05.582,1.34724,1.34754,1.50,1.50
2011.05.16 07:08:07.490,1.34724,1.34774,1.50,2.25
2011.05.16 07:08:07.714,1.34724,1.34774,1.50,2.25
2011.05.16 07:08:07.824,1.34724,1.34763,1.50,1.50
2011.05.16 07:08:08.045,1.3473,1.34763,1.50,1.50
2011.05.16 07:08:08.382,1.34723,1.34771,1.13,1.50
2011.05.16 07:08:13.361,1.34727,1.34773,1.50,1.50
2011.05.16 07:08:13.695,1.34739,1.34782,1.50,1.13
2011.05.16 07:08:14.254,1.34742,1.34782,1.50,1.13
2011.05.16 07:08:14.803,1.34742,1.34782,1.50,1.13
2011.05.16 07:08:15.366,1.34744,1.34782,1.50,1.13
2011.05.16 07:08:15.922,1.34744,1.34782,1.50,1.13
2011.05.16 07:08:17.902,1.34744,1.34782,1.50,1.13
2011.05.16 07:08:18.424,1.34744,1.34782,1.50,1.13
2011.05.16 07:08:18.753,1.34743,1.34782,3.15,1.13
2011.05.16 07:08:18.973,1.34744,1.34782,1.50,1.13
2011.05.16 07:08:19.525,1.34743,1.34782,2.40,1.13
2011.05.16 07:08:20.046,1.34743,1.34782,1.50,1.13
2011.05.16 07:08:20.386,1.34744,1.34788,1.50,1.13
2011.05.16 07:08:20.613,1.34741,1.34783,1.50,2.25
2011.05.16 07:08:20.724,1.34742,1.34783,2.40,2.25
2011.05.16 07:08:21.121,1.34734,1.34773,1.50,1.50
2011.05.16 07:08:22.492,1.34734,1.34784,1.50,3.00
2011.05.16 07:08:33.782,1.34727,1.34778,1.68,1.50
2011.05.16 07:08:39.940,1.34734,1.34774,1.50,2.25
2011.05.16 07:08:41.655,1.3474,1.34784,1.50,2.25
2011.05.16 07:08:41.987,1.34746,1.34784,3.00,2.25
2011.05.16 07:08:42.118,1.34746,1.34784,2.25,2.25
2011.05.16 07:08:42.525,1.34737,1.34785,3.15,2.25
2011.05.16 07:08:42.754,1.34737,1.34788,2.25,1.13
2011.05.16 07:08:42.976,1.34737,1.34786,1.50,1.50
2011.05.16 07:08:45.094,1.34739,1.34785,4.50,1.50
2011.05.16 07:08:45.314,1.34739,1.34788,4.50,1.13
2011.05.16 07:08:45.424,1.34736,1.34783,3.53,2.25
2011.05.16 07:08:45.644,1.34737,1.34783,2.78,3.00
2011.05.16 07:08:45.753,1.34735,1.34783,1.50,3.00
2011.05.16 07:08:48.063,1.34738,1.34783,2.78,3.00
2011.05.16 07:08:48.393,1.34735,1.34783,1.50,2.25
2011.05.16 07:08:48.724,1.34743,1.34783,1.35,2.25
2011.05.16 07:08:49.052,1.34746,1.34789,2.40,1.13
2011.05.16 07:08:49.163,1.34746,1.34789,2.40,1.13
2011.05.16 07:08:50.296,1.34745,1.34788,1.50,1.13
2011.05.16 07:08:50.416,1.34743,1.34789,2.10,1.13
2011.05.16 07:08:50.865,1.3474,1.34788,2.43,1.13
2011.05.16 07:08:52.314,1.34743,1.34792,1.50,1.13
2011.05.16 07:08:52.642,1.34746,1.34791,1.50,1.13
2011.05.16 07:08:56.744,1.34753,1.34791,3.53,1.13
2011.05.16 07:08:56.852,1.34758,1.34791,3.53,1.13
2011.05.16 07:08:57.294,1.34759,1.34792,2.40,1.13
2011.05.16 07:08:57.404,1.34759,1.34791,2.40,1.13
2011.05.16 07:08:57.952,1.34759,1.34792,3.53,1.13
2011.05.16 07:08:58.172,1.34753,1.34792,4.13,1.13
2011.05.16 07:08:58.503,1.34749,1.34792,1.68,1.13
2011.05.16 07:09:00.126,1.34763,1.34792,4.50,1.13
2011.05.16 07:09:00.350,1.34767,1.34797,2.40,1.50
2011.05.16 07:09:00.465,1.34767,1.34797,1.65,1.50
2011.05.16 07:09:00.697,1.34757,1.34791,1.50,1.13
2011.05.16 07:09:01.036,1.34756,1.34791,1.50,1.13
2011.05.16 07:09:01.152,1.34756,1.34791,1.50,1.13
2011.05.16 07:09:02.065,1.34756,1.34793,2.25,1.13
2011.05.16 07:09:02.175,1.34756,1.34793,2.25,1.13
2011.05.16 07:09:02.285,1.34756,1.34792,2.25,1.13
2011.05.16 07:09:05.034,1.34761,1.34793,3.53,1.13
2011.05.16 07:09:05.583,1.3476,1.34793,2.78,1.88
2011.05.16 07:09:05.693,1.34756,1.34792,1.50,1.13
2011.05.16 07:09:05.803,1.34753,1.34792,1.65,1.13
2011.05.16 07:09:05.913,1.34745,1.34789,3.53,1.50
2011.05.16 07:09:06.023,1.34745,1.34785,2.78,1.50
2011.05.16 07:09:06.353,1.34737,1.34783,1.50,2.25
2011.05.16 07:09:08.244,1.34747,1.34783,5.25,1.50
2011.05.16 07:09:08.354,1.34751,1.34789,1.50,2.40
2011.05.16 07:09:08.609,1.34754,1.34789,1.50,1.65
2011.05.16 07:09:08.721,1.34753,1.34792,2.78,1.13
2011.05.16 07:09:08.836,1.34751,1.34792,3.53,1.13
2011.05.16 07:09:10.527,1.34751,1.34792,2.78,1.13
2011.05.16 07:09:11.081,1.34748,1.34792,1.50,1.13
2011.05.16 07:09:11.892,1.34742,1.34792,1.50,2.25
2011.05.16 07:09:12.115,1.34745,1.34793,1.50,1.13
2011.05.16 07:09:13.473,1.34749,1.34793,2.40,1.13
2011.05.16 07:09:14.022,1.3475,1.34793,1.50,1.13
2011.05.16 07:09:14.244,1.34749,1.34794,2.40,1.13
2011.05.16 07:09:14.718,1.34759,1.34794,4.50,1.13
2011.05.16 07:09:14.839,1.34761,1.34793,2.40,1.13
2011.05.16 07:09:15.064,1.3475,1.34791,2.78,1.50
2011.05.16 07:09:15.174,1.34753,1.34788,4.50,1.50
2011.05.16 07:09:15.395,1.34754,1.34791,2.40,1.50
2011.05.16 07:09:15.613,1.34749,1.34793,1.35,1.13
2011.05.16 07:09:16.162,1.34748,1.34793,1.50,1.13
2011.05.16 07:09:18.362,1.34742,1.34792,1.50,2.25
2011.05.16 07:09:18.820,1.34736,1.34779,2.25,1.35
2011.05.16 07:09:18.937,1.34736,1.34781,2.25,1.35
2011.05.16 07:09:19.057,1.34745,1.34783,1.35,1.50
2011.05.16 07:09:19.252,1.34748,1.34786,1.35,2.40
2011.05.16 07:09:19.370,1.34749,1.34786,4.50,2.40
2011.05.16 07:09:19.486,1.34751,1.34786,1.50,1.65
2011.05.16 07:09:19.594,1.34751,1.34793,1.50,2.63
2011.05.16 07:09:21.746,1.34751,1.34793,3.53,2.63
2011.05.16 07:09:21.863,1.3475,1.34793,2.78,2.63
2011.05.16 07:09:22.422,1.34751,1.34793,2.78,2.25
2011.05.16 07:09:22.872,1.34753,1.34793,2.78,2.25
2011.05.16 07:09:23.184,1.34753,1.34793,2.78,2.25
2011.05.16 07:09:23.297,1.3476,1.34794,3.53,1.13
2011.05.16 07:09:23.634,1.34767,1.34795,3.53,1.13
2011.05.16 07:09:23.855,1.34767,1.34796,3.53,1.13
2011.05.16 07:09:25.074,1.34761,1.34794,3.53,1.13
2011.05.16 07:09:25.183,1.34756,1.34795,3.90,1.13
2011.05.16 07:09:32.622,1.34765,1.348,1.50,1.13
2011.05.16 07:09:32.954,1.34767,1.34799,2.40,1.13
2011.05.16 07:09:33.285,1.34771,1.348,4.50,1.13
2011.05.16 07:09:33.395,1.34769,1.348,2.40,1.13
2011.05.16 07:09:33.505,1.34763,1.34786,4.50,3.38
2011.05.16 07:09:33.613,1.34733,1.3478,1.50,1.50
2011.05.16 07:09:33.834,1.34738,1.34774,1.50,1.50
2011.05.16 07:09:34.162,1.34738,1.34782,1.50,3.53
2011.05.16 07:09:34.493,1.34752,1.34784,2.78,2.25
2011.05.16 07:09:34.822,1.34754,1.34799,4.50,1.13
2011.05.16 07:09:35.043,1.3475,1.34799,1.50,1.13
2011.05.16 07:09:35.388,1.34749,1.34799,4.50,1.13
2011.05.16 07:09:35.838,1.34757,1.34799,1.50,1.13
2011.05.16 07:09:36.396,1.34746,1.34799,2.25,1.13
2011.05.16 07:09:36.626,1.34749,1.34799,4.50,3.90
2011.05.16 07:09:36.963,1.34749,1.34799,4.50,1.13
2011.05.16 07:09:37.294,1.34746,1.34797,2.25,1.50
2011.05.16 07:09:39.466,1.34757,1.34794,1.50,1.50
2011.05.16 07:09:41.994,1.34747,1.34785,1.50,1.50
2011.05.16 07:09:42.543,1.34747,1.34785,1.50,1.50
2011.05.16 07:09:43.104,1.34737,1.34781,2.25,1.50
2011.05.16 07:09:43.543,1.34739,1.34782,1.50,2.40
2011.05.16 07:09:43.654,1.34741,1.34787,1.50,1.50
2011.05.16 07:09:43.764,1.34746,1.34788,1.50,1.50
2011.05.16 07:09:43.872,1.34746,1.34789,1.50,1.13
2011.05.16 07:09:44.424,1.34751,1.34789,5.25,1.13
2011.05.16 07:09:44.644,1.34757,1.34789,1.50,1.13
2011.05.16 07:09:44.974,1.34753,1.34789,4.50,1.13
2011.05.16 07:09:48.204,1.34763,1.34794,1.65,1.50
2011.05.16 07:09:48.534,1.34766,1.34794,7.65,1.50
2011.05.16 07:09:49.192,1.34766,1.34794,3.90,1.50
2011.05.16 07:09:49.415,1.34766,1.34794,2.25,1.50
2011.05.16 07:09:50.731,1.34776,1.34794,1.50,1.50
2011.05.16 07:09:52.031,1.34776,1.34803,1.50,1.13
2011.05.16 07:09:53.232,1.34776,1.34803,1.50,1.13
2011.05.16 07:09:53.452,1.34776,1.34802,1.50,1.13
2011.05.16 07:09:55.953,1.34766,1.34802,1.50,1.13
2011.05.16 07:09:56.282,1.34766,1.34803,1.50,1.13
2011.05.16 07:09:56.834,1.34766,1.34802,1.50,1.13
2011.05.16 07:09:57.385,1.34756,1.34802,1.50,1.13
2011.05.16 07:09:58.125,1.3475,1.34791,1.65,2.25
2011.05.16 07:09:58.234,1.34741,1.34791,1.50,2.25
2011.05.16 07:09:58.457,1.34747,1.34794,4.50,3.00
2011.05.16 07:09:59.012,1.3475,1.34798,2.40,1.50
2011.05.16 07:09:59.344,1.34752,1.34799,3.53,1.50
2011.05.16 07:10:02.464,1.34752,1.34795,3.53,1.13
2011.05.16 07:10:02.575,1.34746,1.34795,5.03,1.13
2011.05.16 07:10:02.994,1.34756,1.34795,1.50,1.13
2011.05.16 07:10:03.212,1.34747,1.34795,2.25,1.13
2011.05.16 07:10:03.785,1.34747,1.34795,6.00,1.13
2011.05.16 07:10:04.343,1.34757,1.34795,1.50,1.13
2011.05.16 07:10:06.123,1.34757,1.34795,1.50,1.13
2011.05.16 07:10:09.785,1.34746,1.34793,4.28,1.50
2011.05.16 07:10:15.113,1.34746,1.3479,6.68,1.13
2011.05.16 07:10:19.612,1.34756,1.3479,1.50,1.13
2011.05.16 07:10:20.382,1.34756,1.34789,1.50,1.13
2011.05.16 07:10:21.044,1.34756,1.34789,1.50,1.13
2011.05.16 07:10:22.033,1.34756,1.3479,1.50,1.13
2011.05.16 07:10:22.252,1.34756,1.34789,1.50,1.13
2011.05.16 07:10:26.403,1.34756,1.34793,1.50,1.13
2011.05.16 07:10:26.964,1.34746,1.34793,2.25,1.13
2011.05.16 07:10:27.494,1.34746,1.34793,6.00,1.13
2011.05.16 07:10:28.045,1.34753,1.34793,4.50,1.13
2011.05.16 07:10:28.153,1.34752,1.34793,2.40,1.13
2011.05.16 07:10:28.701,1.34756,1.34793,1.50,1.13
2011.05.16 07:10:30.575,1.34756,1.34793,1.50,1.13
2011.05.16 07:10:31.023,1.34756,1.34793,1.50,1.13
2011.05.16 07:10:32.242,1.34756,1.34793,1.50,1.13
2011.05.16 07:10:34.933,1.34756,1.34793,1.50,1.13
2011.05.16 07:10:35.045,1.34747,1.34793,1.50,1.13
2011.05.16 07:10:35.601,1.34746,1.34793,2.25,1.13
2011.05.16 07:10:35.954,1.34746,1.34793,3.00,1.13
2011.05.16 07:10:36.173,1.34746,1.34793,3.60,1.13
2011.05.16 07:10:36.391,1.34748,1.34793,1.35,1.13
2011.05.16 07:10:38.574,1.34749,1.34796,4.28,1.13
2011.05.16 07:10:39.992,1.34757,1.34796,1.50,1.13
2011.05.16 07:10:40.385,1.34757,1.34796,1.50,1.13
2011.05.16 07:10:43.471,1.34746,1.34796,3.00,1.88
2011.05.16 07:10:44.833,1.34746,1.34796,2.25,1.88
2011.05.16 07:10:47.092,1.34746,1.34794,2.25,1.50
2011.05.16 07:10:48.884,1.34746,1.34788,2.25,1.50
2011.05.16 07:10:49.106,1.34746,1.34788,1.50,1.50
2011.05.16 07:10:49.556,1.34756,1.34794,1.50,1.13
2011.05.16 07:10:51.312,1.34756,1.34794,1.50,1.13
2011.05.16 07:10:52.286,1.34756,1.34794,2.25,1.13
2011.05.16 07:10:52.515,1.34766,1.34794,1.50,1.13
2011.05.16 07:10:53.028,1.34767,1.34794,1.50,1.13
2011.05.16 07:10:54.464,1.34767,1.34794,2.25,1.13
2011.05.16 07:10:54.684,1.34767,1.34794,1.50,1.13
2011.05.16 07:10:54.902,1.34767,1.34794,1.50,1.13
2011.05.16 07:10:55.451,1.34767,1.34794,1.50,1.13
2011.05.16 07:10:58.902,1.34767,1.34792,1.50,1.50
2011.05.16 07:10:59.453,1.34756,1.3479,2.25,1.50
2011.05.16 07:11:00.002,1.34756,1.3479,2.25,1.50
2011.05.16 07:11:00.672,1.34756,1.34791,1.50,1.50
2011.05.16 07:11:00.783,1.34756,1.34791,2.25,1.50
2011.05.16 07:11:03.286,1.34756,1.34789,1.50,1.50
2011.05.16 07:11:03.843,1.34748,1.34789,1.50,1.50
2011.05.16 07:11:05.963,1.34747,1.34789,2.25,1.50
2011.05.16 07:11:06.073,1.34747,1.34788,2.25,1.50
2011.05.16 07:11:06.403,1.34747,1.34784,2.25,1.50
2011.05.16 07:11:06.734,1.34767,1.34798,4.50,1.50
2011.05.16 07:11:06.843,1.34767,1.34799,4.50,2.25
2011.05.16 07:11:07.065,1.34767,1.34803,1.50,2.25
2011.05.16 07:11:07.318,1.34771,1.34803,1.65,1.50
2011.05.16 07:11:07.439,1.34767,1.34794,1.50,1.13
2011.05.16 07:11:07.774,1.34766,1.34794,1.50,1.13
2011.05.16 07:11:07.883,1.34766,1.34795,1.50,1.13
2011.05.16 07:11:07.994,1.34766,1.34794,1.50,1.13
2011.05.16 07:11:08.323,1.3476,1.34794,1.65,1.13
2011.05.16 07:11:08.432,1.34756,1.34794,3.00,1.13
2011.05.16 07:11:08.984,1.34757,1.34794,1.50,1.88
2011.05.16 07:11:09.865,1.34747,1.34783,1.50,1.50
2011.05.16 07:11:10.304,1.34748,1.34783,1.50,1.50
2011.05.16 07:11:10.414,1.34746,1.34786,3.00,1.50
2011.05.16 07:11:10.526,1.34746,1.34789,3.00,1.35
2011.05.16 07:11:10.756,1.3474,1.34781,2.40,1.50
2011.05.16 07:11:11.095,1.34739,1.34783,3.53,1.50
2011.05.16 07:11:11.282,1.34739,1.34783,3.53,1.50
2011.05.16 07:11:11.852,1.34737,1.34784,2.43,1.50
2011.05.16 07:11:16.014,1.34742,1.34786,1.68,1.50
2011.05.16 07:11:17.212,1.34742,1.34792,2.43,2.25
2011.05.16 07:11:18.093,1.34743,1.34793,1.68,3.00
2011.05.16 07:11:21.952,1.34746,1.34793,1.50,2.25
2011.05.16 07:11:22.283,1.34748,1.34798,1.68,1.50
2011.05.16 07:11:22.723,1.34747,1.34793,1.50,1.50
2011.05.16 07:11:23.236,1.34747,1.348,3.00,2.40
2011.05.16 07:11:24.023,1.34748,1.34801,1.50,1.50
2011.05.16 07:11:24.685,1.34757,1.34802,2.25,1.50
2011.05.16 07:11:24.904,1.34757,1.34802,2.25,1.50
2011.05.16 07:11:25.125,1.34757,1.34802,3.90,1.50
2011.05.16 07:11:25.454,1.34765,1.34806,2.78,1.13
2011.05.16 07:11:26.004,1.34766,1.34806,1.50,1.88
2011.05.16 07:11:26.113,1.34766,1.34806,2.25,1.13
2011.05.16 07:11:26.435,1.34767,1.34806,1.50,1.13
2011.05.16 07:11:26.554,1.34757,1.34806,2.25,1.13
2011.05.16 07:11:26.666,1.34757,1.34806,2.25,1.13
2011.05.16 07:11:27.725,1.34757,1.34806,2.25,1.13
2011.05.16 07:11:28.065,1.34767,1.34805,2.25,1.13
2011.05.16 07:11:29.456,1.34767,1.34805,1.50,1.13
2011.05.16 07:11:29.792,1.34767,1.34805,1.50,1.13
2011.05.16 07:11:30.307,1.34756,1.34802,1.50,1.50
2011.05.16 07:11:30.865,1.34757,1.34796,1.50,1.50
2011.05.16 07:11:30.973,1.34748,1.34796,1.68,1.50
2011.05.16 07:11:31.304,1.34748,1.34796,1.68,1.50
2011.05.16 07:11:31.633,1.34757,1.34795,4.50,1.13
2011.05.16 07:11:31.745,1.34757,1.34796,1.50,1.13
2011.05.16 07:11:32.308,1.3475,1.34796,1.50,1.13
2011.05.16 07:11:32.918,1.34751,1.34793,1.68,1.50
2011.05.16 07:11:33.256,1.34749,1.34792,1.68,1.50
2011.05.16 07:11:33.962,1.34748,1.34792,1.68,1.50
2011.05.16 07:11:34.955,1.34754,1.34794,3.53,2.25
2011.05.16 07:11:35.285,1.34764,1.34795,1.65,1.13
2011.05.16 07:11:35.394,1.34757,1.34796,2.43,1.13
2011.05.16 07:11:38.113,1.34757,1.34795,2.25,1.13
2011.05.16 07:11:38.407,1.34759,1.34795,1.68,1.13
2011.05.16 07:11:38.747,1.34766,1.34797,2.25,1.13
2011.05.16 07:11:39.083,1.34776,1.34797,1.50,1.13
2011.05.16 07:11:40.794,1.34767,1.34797,1.65,1.13
2011.05.16 07:11:41.344,1.34757,1.34797,2.25,1.13
2011.05.16 07:11:41.903,1.34757,1.34803,1.50,1.13
2011.05.16 07:11:44.205,1.34756,1.34803,2.25,1.13
2011.05.16 07:11:44.314,1.34756,1.34802,1.50,1.50
2011.05.16 07:11:44.757,1.34756,1.34797,1.50,1.50
2011.05.16 07:11:45.095,1.34759,1.34804,2.40,1.13
2011.05.16 07:11:45.313,1.34759,1.34804,2.40,1.13
2011.05.16 07:11:45.866,1.34759,1.34803,1.65,1.13
2011.05.16 07:11:45.986,1.34757,1.34803,1.50,1.13
2011.05.16 07:11:46.214,1.34766,1.34803,2.25,1.13
2011.05.16 07:11:46.323,1.34766,1.34803,2.25,1.13
2011.05.16 07:11:46.547,1.34766,1.34803,1.50,1.13
2011.05.16 07:11:46.772,1.34766,1.34803,1.50,1.13
2011.05.16 07:11:47.105,1.34766,1.34787,1.50,1.50
2011.05.16 07:11:47.215,1.34756,1.34795,1.50,1.50
2011.05.16 07:11:47.754,1.34756,1.34795,1.50,1.50
2011.05.16 07:11:52.352,1.34756,1.34802,2.25,3.90
2011.05.16 07:11:52.904,1.34756,1.34796,1.50,1.50
2011.05.16 07:11:53.672,1.34748,1.34801,1.68,1.13
2011.05.16 07:11:53.892,1.34757,1.34801,1.50,1.13
2011.05.16 07:11:56.004,1.34757,1.34801,1.50,1.13
2011.05.16 07:11:56.312,1.34763,1.34802,2.40,1.13
2011.05.16 07:11:56.646,1.34776,1.34802,1.50,1.13
2011.05.16 07:11:56.987,1.34766,1.34802,1.50,1.13
2011.05.16 07:11:57.544,1.34766,1.34801,1.50,1.50
2011.05.16 07:12:00.446,1.34766,1.34802,1.50,1.13
2011.05.16 07:12:00.836,1.34757,1.34801,2.25,1.13
2011.05.16 07:12:00.950,1.34757,1.34802,1.50,1.88
2011.05.16 07:12:01.285,1.34757,1.34795,1.50,1.50
2011.05.16 07:12:01.518,1.34756,1.34801,1.50,1.88
2011.05.16 07:12:06.725,1.34756,1.34805,2.25,1.13
2011.05.16 07:12:06.944,1.34768,1.34805,1.50,1.13
2011.05.16 07:12:07.164,1.34769,1.34806,1.50,1.13
2011.05.16 07:12:07.274,1.34776,1.34806,2.25,1.13
2011.05.16 07:12:07.494,1.34776,1.34806,2.25,1.13
2011.05.16 07:12:08.986,1.34776,1.34806,1.50,1.13
2011.05.16 07:12:11.662,1.34767,1.34805,2.25,1.13
2011.05.16 07:12:11.773,1.34767,1.34805,1.50,1.13
2011.05.16 07:12:13.093,1.34767,1.34808,1.50,1.50
2011.05.16 07:12:15.734,1.34756,1.34801,1.50,1.50
2011.05.16 07:12:16.283,1.34766,1.34801,1.50,1.50
2011.05.16 07:12:16.394,1.34766,1.34801,3.15,1.50
2011.05.16 07:12:16.613,1.34766,1.34808,1.50,1.50
2011.05.16 07:12:16.944,1.34776,1.3481,2.40,1.13
2011.05.16 07:12:17.273,1.34786,1.3481,1.50,1.13
2011.05.16 07:12:19.080,1.34776,1.34822,3.15,1.50
2011.05.16 07:12:19.195,1.34776,1.34823,3.90,2.25
2011.05.16 07:12:19.423,1.34782,1.34826,1.50,1.50
2011.05.16 07:12:19.532,1.34786,1.34826,1.50,1.50
2011.05.16 07:12:20.755,1.34786,1.34817,1.50,1.50
2011.05.16 07:12:20.976,1.34767,1.34814,2.25,2.25
2011.05.16 07:12:21.096,1.34776,1.34814,1.50,1.50
2011.05.16 07:12:21.652,1.3477,1.34814,1.35,1.50
2011.05.16 07:12:22.094,1.34774,1.34822,1.50,1.50
2011.05.16 07:12:22.532,1.34776,1.34822,1.50,1.50
2011.05.16 07:12:25.805,1.34778,1.34827,1.68,1.13
2011.05.16 07:12:26.477,1.34786,1.34827,2.25,1.13
2011.05.16 07:12:26.814,1.3479,1.34838,1.50,4.28
2011.05.16 07:12:27.362,1.34796,1.34841,1.50,1.50
2011.05.16 07:12:28.134,1.34796,1.34827,1.50,1.50
2011.05.16 07:12:28.464,1.34786,1.34827,1.50,1.50
2011.05.16 07:12:29.029,1.34786,1.34827,1.50,1.50
2011.05.16 07:12:29.362,1.34786,1.34827,1.50,1.50
2011.05.16 07:12:33.985,1.34786,1.34831,1.50,1.50
2011.05.16 07:12:36.441,1.34786,1.34833,1.50,1.50
2011.05.16 07:12:39.702,1.34786,1.34833,1.50,1.50
2011.05.16 07:12:40.251,1.34786,1.34827,1.50,1.50
2011.05.16 07:12:41.433,1.34786,1.34833,1.50,2.40
2011.05.16 07:12:41.654,1.34786,1.34838,2.25,1.73
2011.05.16 07:12:41.762,1.34786,1.34838,2.25,1.73
2011.05.16 07:12:42.357,1.34786,1.34833,1.50,1.50
2011.05.16 07:12:44.035,1.34778,1.34817,2.78,1.50
2011.05.16 07:12:44.290,1.34775,1.34822,1.35,1.50
2011.05.16 07:12:44.623,1.34779,1.34829,4.50,1.50
2011.05.16 07:12:44.846,1.34787,1.34831,1.50,1.13
2011.05.16 07:12:45.853,1.34786,1.34821,2.25,1.50
2011.05.16 07:12:45.964,1.34784,1.34821,1.50,1.50
2011.05.16 07:12:46.072,1.34783,1.34821,2.40,1.50
2011.05.16 07:12:46.183,1.34771,1.34821,1.35,1.50
2011.05.16 07:12:46.403,1.3477,1.34821,1.50,1.50
2011.05.16 07:12:47.059,1.3477,1.34809,1.50,1.35
2011.05.16 07:12:47.175,1.34762,1.34806,1.13,1.50
2011.05.16 07:12:47.402,1.34764,1.34814,1.88,1.50
2011.05.16 07:12:49.563,1.34766,1.34814,2.25,1.50
2011.05.16 07:12:50.799,1.34764,1.34814,1.88,1.50
2011.05.16 07:12:51.136,1.34766,1.34804,2.40,1.50
2011.05.16 07:12:51.245,1.34763,1.34803,1.13,1.35
2011.05.16 07:12:51.695,1.34752,1.34801,3.53,1.50
2011.05.16 07:12:55.014,1.34748,1.34796,1.50,1.35
2011.05.16 07:13:00.528,1.34753,1.34799,1.50,1.35
2011.05.16 07:13:00.757,1.34754,1.34803,2.40,2.25
2011.05.16 07:13:00.877,1.3476,1.34803,1.50,2.25
2011.05.16 07:13:00.997,1.3476,1.34804,1.50,1.35
2011.05.16 07:13:01.447,1.34758,1.34804,1.50,1.35
2011.05.16 07:13:01.567,1.34757,1.34801,1.50,1.50
2011.05.16 07:13:01.794,1.34756,1.34797,2.25,1.65
2011.05.16 07:13:02.158,1.34756,1.34792,2.25,2.78
2011.05.16 07:13:07.135,1.34746,1.3479,2.25,2.78
2011.05.16 07:13:07.984,1.34746,1.34795,2.25,3.53
2011.05.16 07:13:08.095,1.34751,1.34797,1.50,1.65
2011.05.16 07:13:08.203,1.34751,1.34802,1.50,1.50
2011.05.16 07:13:10.024,1.34751,1.34801,1.13,4.50
2011.05.16 07:13:10.243,1.34751,1.34798,1.88,1.65
2011.05.16 07:13:10.464,1.34753,1.34804,1.68,2.25
2011.05.16 07:13:15.464,1.34757,1.34804,1.68,2.25
2011.05.16 07:13:15.684,1.34757,1.34801,1.68,1.50
2011.05.16 07:13:19.544,1.34751,1.34798,2.43,1.65
2011.05.16 07:13:19.764,1.34752,1.348,1.68,3.53
2011.05.16 07:13:22.435,1.34756,1.34801,1.68,1.50
2011.05.16 07:13:22.768,1.34756,1.34799,1.68,1.65
2011.05.16 07:13:22.949,1.34756,1.34801,1.68,1.50
2011.05.16 07:13:38.564,1.34749,1.34794,1.68,1.50
2011.05.16 07:13:40.811,1.34749,1.34794,1.68,2.25
2011.05.16 07:13:40.931,1.34749,1.34801,1.68,1.50
2011.05.16 07:13:41.046,1.34761,1.34803,1.50,2.25
2011.05.16 07:13:41.386,1.34762,1.34801,1.65,1.50
2011.05.16 07:13:41.944,1.34752,1.34801,1.68,1.50
2011.05.16 07:13:46.045,1.34757,1.34803,1.50,2.25
2011.05.16 07:13:47.354,1.34755,1.34801,2.58,1.50
2011.05.16 07:13:48.594,1.34757,1.34803,1.50,2.25
2011.05.16 07:13:48.862,1.34755,1.34801,2.58,1.50
2011.05.16 07:13:50.665,1.34756,1.34803,1.50,2.25
2011.05.16 07:13:56.745,1.34753,1.34801,1.68,1.50
2011.05.16 07:13:57.738,1.34752,1.34802,1.68,1.50
2011.05.16 07:13:59.605,1.34752,1.34801,1.68,1.50
2011.05.16 07:14:01.146,1.34754,1.34802,1.31,1.50
2011.05.16 07:14:01.586,1.34761,1.34804,1.50,2.25
2011.05.16 07:14:04.947,1.3476,1.34805,1.68,1.50
2011.05.16 07:14:05.064,1.3476,1.34806,1.68,1.50
2011.05.16 07:14:05.394,1.34774,1.34822,1.50,2.63
2011.05.16 07:14:05.723,1.34774,1.34822,1.50,1.88
2011.05.16 07:14:05.976,1.34774,1.34822,1.50,1.88
2011.05.16 07:14:06.959,1.34774,1.34822,1.50,1.13
2011.05.16 07:14:07.295,1.34789,1.34824,2.40,1.13
2011.05.16 07:14:07.517,1.34784,1.34824,1.35,1.13
2011.05.16 07:14:08.295,1.3478,1.34821,2.40,1.13
2011.05.16 07:14:08.405,1.34777,1.34819,2.25,1.50
2011.05.16 07:14:08.515,1.34777,1.34818,2.25,1.50
2011.05.16 07:14:09.063,1.34777,1.34813,1.50,1.50
2011.05.16 07:14:09.613,1.34766,1.34813,2.85,1.50
2011.05.16 07:14:10.882,1.34766,1.34813,2.25,1.50
2011.05.16 07:14:13.685,1.34781,1.34824,1.50,5.03
2011.05.16 07:14:14.343,1.34777,1.34823,2.25,1.50
2011.05.16 07:14:15.581,1.34777,1.34824,2.25,1.88
2011.05.16 07:14:16.027,1.34785,1.34831,2.10,2.25
2011.05.16 07:14:16.363,1.34792,1.34838,2.40,1.35
2011.05.16 07:14:17.138,1.34787,1.34834,1.35,1.50
2011.05.16 07:14:17.369,1.34791,1.34839,2.10,1.50
2011.05.16 07:14:18.254,1.34796,1.34846,2.40,1.13
2011.05.16 07:14:20.476,1.34805,1.34845,2.40,1.13
2011.05.16 07:14:20.916,1.34797,1.34846,5.03,1.88
2011.05.16 07:14:21.274,1.34805,1.34846,1.50,1.13
2011.05.16 07:14:21.604,1.34807,1.34848,2.40,1.13
2011.05.16 07:14:22.125,1.34807,1.34855,2.40,1.50
2011.05.16 07:14:22.345,1.34812,1.34856,2.40,1.50
2011.05.16 07:14:23.144,1.34812,1.3486,2.40,1.88
2011.05.16 07:14:23.582,1.34812,1.3486,2.40,1.88
2011.05.16 07:14:29.360,1.34812,1.3486,3.15,1.88
2011.05.16 07:14:29.473,1.3482,1.3486,1.65,1.13
2011.05.16 07:14:29.807,1.34817,1.3486,1.50,1.13
2011.05.16 07:14:29.923,1.34817,1.3486,1.50,1.13
2011.05.16 07:14:30.034,1.34812,1.3486,1.65,1.13
2011.05.16 07:14:31.003,1.34806,1.34854,4.65,1.50
2011.05.16 07:14:32.345,1.34806,1.34854,2.40,3.00
2011.05.16 07:14:34.583,1.34806,1.34854,3.15,3.00
2011.05.16 07:14:34.693,1.34813,1.34856,1.65,1.50
2011.05.16 07:14:36.893,1.34813,1.34861,2.40,1.50
2011.05.16 07:14:37.004,1.34814,1.34862,1.50,1.50
2011.05.16 07:14:37.554,1.3482,1.34864,1.65,1.13
2011.05.16 07:14:37.885,1.34816,1.34864,3.90,1.13
2011.05.16 07:14:38.106,1.34816,1.3486,1.50,1.50
2011.05.16 07:14:38.553,1.3481,1.3486,2.40,1.50
2011.05.16 07:14:39.775,1.34807,1.34854,2.25,1.50
2011.05.16 07:14:40.005,1.34807,1.34849,1.50,1.50
2011.05.16 07:14:40.114,1.34798,1.34849,3.18,1.50
2011.05.16 07:14:41.326,1.34798,1.34849,1.50,1.50
2011.05.16 07:14:42.213,1.34798,1.34849,1.50,1.50
2011.05.16 07:14:42.847,1.34811,1.34856,1.50,1.13
2011.05.16 07:14:42.959,1.34812,1.34856,1.50,1.13
2011.05.16 07:14:46.286,1.34807,1.34854,2.25,1.50
2011.05.16 07:14:47.713,1.34805,1.34854,3.15,3.00
2011.05.16 07:14:49.505,1.34805,1.34848,2.40,1.50
2011.05.16 07:14:53.754,1.34805,1.34854,3.15,2.25
2011.05.16 07:14:54.306,1.34805,1.34848,1.65,1.50
2011.05.16 07:14:54.536,1.34799,1.34843,1.50,1.50
2011.05.16 07:14:54.654,1.34796,1.34842,2.25,1.50
2011.05.16 07:14:54.984,1.34793,1.3484,1.13,1.50
2011.05.16 07:14:55.202,1.34793,1.34835,1.13,1.50
2011.05.16 07:14:57.215,1.34793,1.34841,1.13,1.50
2011.05.16 07:14:57.433,1.34793,1.3484,1.13,1.50
2011.05.16 07:14:58.213,1.34793,1.34838,1.13,1.50
2011.05.16 07:14:58.326,1.34793,1.34835,1.13,1.50
2011.05.16 07:14:58.663,1.3479,1.34835,1.13,1.50
2011.05.16 07:14:58.903,1.34793,1.34835,1.13,1.50
2011.05.16 07:15:02.178,1.34792,1.34842,1.50,2.63
2011.05.16 07:15:02.514,1.34792,1.34841,1.50,1.50
2011.05.16 07:15:03.465,1.34797,1.34841,1.65,1.50
2011.05.16 07:15:03.794,1.34787,1.34835,1.50,1.50
2011.05.16 07:15:04.233,1.34787,1.34835,1.50,1.50
2011.05.16 07:15:04.785,1.34791,1.34842,1.50,1.13
2011.05.16 07:15:05.093,1.34793,1.34842,3.15,1.13
2011.05.16 07:15:05.337,1.34807,1.34842,1.50,1.13
2011.05.16 07:15:06.776,1.34807,1.34844,1.50,1.13
2011.05.16 07:15:08.923,1.34808,1.3485,2.40,1.50
2011.05.16 07:15:09.252,1.34808,1.34858,3.15,1.50
2011.05.16 07:15:09.474,1.34807,1.34858,2.25,1.50
2011.05.16 07:15:09.694,1.34807,1.34851,1.50,1.50
2011.05.16 07:15:11.683,1.34807,1.34851,2.25,1.50
2011.05.16 07:15:18.371,1.34806,1.34851,1.50,1.50
2011.05.16 07:15:18.743,1.34806,1.34851,2.25,1.50
2011.05.16 07:15:22.903,1.34806,1.34849,2.25,1.50
2011.05.16 07:15:23.123,1.34803,1.34853,1.50,2.25
2011.05.16 07:15:26.543,1.34803,1.34853,1.50,1.50
2011.05.16 07:15:27.324,1.34803,1.34853,1.50,1.50
2011.05.16 07:15:29.013,1.34803,1.34853,1.50,1.50
2011.05.16 07:15:29.714,1.34803,1.34853,1.50,1.50
2011.05.16 07:15:30.925,1.34807,1.34853,1.68,1.50
2011.05.16 07:15:31.364,1.34807,1.34853,1.68,1.50
2011.05.16 07:15:33.685,1.34819,1.34854,2.10,1.50
2011.05.16 07:15:33.795,1.34821,1.34857,1.50,1.13
2011.05.16 07:15:34.124,1.34821,1.34857,1.65,1.13
2011.05.16 07:15:34.455,1.34817,1.34857,1.50,1.13
2011.05.16 07:15:34.564,1.34817,1.34857,1.50,1.13
2011.05.16 07:15:35.114,1.34809,1.34852,1.68,1.50
2011.05.16 07:15:41.387,1.34811,1.34856,1.68,1.13
2011.05.16 07:15:41.825,1.34813,1.34856,1.68,1.13
2011.05.16 07:15:41.942,1.34816,1.34863,1.68,2.25
2011.05.16 07:15:43.099,1.34816,1.34863,1.68,2.25
2011.05.16 07:15:43.217,1.34816,1.34863,5.21,2.25
2011.05.16 07:15:43.664,1.34816,1.3486,3.71,1.50
2011.05.16 07:15:43.775,1.34813,1.34853,1.68,1.50
2011.05.16 07:15:43.884,1.34813,1.34853,1.68,1.50
2011.05.16 07:15:43.993,1.34811,1.3486,1.68,1.50
2011.05.16 07:15:45.164,1.34815,1.34862,2.25,1.35
2011.05.16 07:15:45.274,1.34818,1.34863,1.50,2.25
2011.05.16 07:15:45.494,1.34819,1.34864,1.50,2.25
2011.05.16 07:15:45.923,1.34826,1.34869,1.50,1.73
2011.05.16 07:15:46.038,1.34824,1.3486,1.68,1.50
2011.05.16 07:15:46.378,1.34823,1.34853,2.40,1.50
2011.05.16 07:15:46.905,1.34822,1.3486,1.50,1.50
2011.05.16 07:15:47.021,1.34837,1.34867,1.50,2.78
2011.05.16 07:15:47.385,1.34832,1.34872,1.13,1.50
2011.05.16 07:15:47.607,1.34832,1.34874,1.13,2.10
2011.05.16 07:15:47.946,1.34832,1.34863,1.88,1.50
2011.05.16 07:15:50.484,1.34832,1.34863,1.13,1.50
2011.05.16 07:15:51.474,1.34832,1.34873,1.13,2.25
2011.05.16 07:15:51.585,1.34832,1.34873,1.13,2.25
2011.05.16 07:15:51.695,1.34832,1.34864,1.13,1.50
2011.05.16 07:15:54.153,1.34841,1.34873,1.50,1.50
2011.05.16 07:15:54.282,1.34841,1.34882,1.50,1.35
2011.05.16 07:15:54.619,1.34842,1.34882,1.68,1.35
2011.05.16 07:15:58.016,1.34845,1.34884,1.50,1.13
2011.05.16 07:15:58.347,1.34848,1.34883,2.58,1.13
2011.05.16 07:16:02.705,1.34845,1.34883,1.50,1.13
2011.05.16 07:16:02.816,1.34839,1.34888,1.68,1.50
2011.05.16 07:16:02.928,1.34839,1.34888,1.68,1.50
2011.05.16 07:16:04.773,1.34838,1.34888,1.68,1.50
2011.05.16 07:16:05.354,1.3484,1.34893,1.68,2.85
2011.05.16 07:16:05.469,1.34843,1.34893,1.50,2.85
2011.05.16 07:16:05.586,1.34843,1.34893,1.50,2.85
2011.05.16 07:16:05.826,1.34847,1.34898,2.25,1.13
2011.05.16 07:16:06.011,1.34852,1.34898,2.40,1.13
2011.05.16 07:16:08.343,1.34852,1.34898,2.40,1.13
2011.05.16 07:16:08.457,1.34847,1.34895,1.50,1.35
2011.05.16 07:16:08.904,1.34853,1.34899,1.50,1.13
2011.05.16 07:16:09.018,1.34853,1.34898,1.50,1.13
2011.05.16 07:16:09.245,1.34855,1.34898,4.50,1.13
2011.05.16 07:16:09.576,1.34858,1.34899,2.40,1.13
2011.05.16 07:16:09.807,1.34858,1.34898,1.65,1.13
2011.05.16 07:16:10.036,1.3485,1.34898,1.50,1.13
2011.05.16 07:16:10.273,1.34849,1.34895,3.53,1.50
2011.05.16 07:16:10.505,1.34845,1.34892,1.50,1.50
2011.05.16 07:16:12.004,1.34846,1.34894,2.25,4.28
2011.05.16 07:16:16.016,1.34836,1.34881,2.25,2.10
2011.05.16 07:16:16.455,1.34845,1.34888,1.50,1.50
2011.05.16 07:16:16.675,1.3484,1.3488,1.50,1.35
2011.05.16 07:16:16.894,1.34836,1.34878,2.25,1.35
2011.05.16 07:16:17.444,1.34836,1.34875,3.00,1.50
2011.05.16 07:16:17.995,1.34836,1.34875,3.00,1.50
2011.05.16 07:16:18.548,1.34836,1.34878,1.50,1.35
2011.05.16 07:16:19.315,1.34834,1.34875,1.13,1.50
2011.05.16 07:16:19.535,1.34834,1.34876,1.13,2.40
2011.05.16 07:16:19.644,1.34832,1.34873,1.13,2.25
2011.05.16 07:16:20.416,1.34832,1.34878,1.13,1.35
2011.05.16 07:16:24.139,1.34835,1.34872,1.13,1.35
2011.05.16 07:16:24.695,1.34835,1.34873,1.13,1.35
2011.05.16 07:16:28.186,1.34829,1.34872,1.50,1.35
2011.05.16 07:16:29.014,1.34829,1.34879,1.50,1.50
2011.05.16 07:16:29.684,1.34835,1.34879,1.50,1.50
2011.05.16 07:16:31.634,1.34834,1.34879,1.50,1.50
2011.05.16 07:16:38.347,1.34831,1.34872,2.40,1.50
2011.05.16 07:16:39.670,1.3483,1.34873,1.50,2.25
2011.05.16 07:16:43.836,1.34832,1.34873,2.25,2.25
2011.05.16 07:16:44.066,1.34834,1.34884,2.43,3.00
2011.05.16 07:16:44.295,1.34839,1.34884,1.50,2.25
2011.05.16 07:16:44.733,1.34847,1.34891,1.50,1.13
2011.05.16 07:16:45.284,1.34843,1.34891,1.50,1.13
2011.05.16 07:16:46.696,1.34837,1.34884,1.68,1.35
2011.05.16 07:16:47.027,1.34832,1.34873,1.50,1.50
2011.05.16 07:16:47.583,1.34833,1.34873,1.68,1.50
2011.05.16 07:16:47.916,1.34846,1.34883,1.68,2.25
2011.05.16 07:16:48.026,1.34846,1.34883,2.43,2.25
2011.05.16 07:16:48.246,1.34847,1.34883,1.68,1.50
2011.05.16 07:16:48.573,1.34847,1.34883,1.68,1.50
2011.05.16 07:16:50.604,1.34847,1.34894,1.68,2.25
2011.05.16 07:16:54.519,1.34861,1.34903,1.50,1.50
2011.05.16 07:16:54.853,1.34861,1.34909,1.50,1.88
2011.05.16 07:16:57.319,1.34861,1.34909,1.50,1.50
2011.05.16 07:16:58.093,1.34866,1.3491,1.50,1.13
2011.05.16 07:16:58.643,1.34868,1.34909,1.50,1.13
2011.05.16 07:17:00.346,1.34866,1.34916,3.18,1.50
2011.05.16 07:17:00.464,1.34866,1.34916,3.18,1.50
2011.05.16 07:17:00.575,1.3487,1.3492,1.50,2.03
2011.05.16 07:17:00.684,1.3487,1.34914,1.50,1.50
2011.05.16 07:17:00.907,1.34877,1.34921,1.65,1.13
2011.05.16 07:17:01.016,1.34877,1.34921,2.40,1.13
2011.05.16 07:17:01.468,1.34868,1.34917,2.43,1.35
2011.05.16 07:17:01.585,1.34868,1.34916,1.50,1.35
2011.05.16 07:17:03.784,1.34868,1.34914,1.50,1.50
2011.05.16 07:17:04.256,1.34861,1.34914,1.68,2.25
2011.05.16 07:17:17.365,1.34872,1.3492,1.50,3.53
2011.05.16 07:17:21.953,1.34876,1.34917,1.50,1.50
2011.05.16 07:17:23.216,1.34877,1.34917,1.50,1.50
2011.05.16 07:17:23.784,1.34872,1.34917,1.50,1.50
2011.05.16 07:17:25.434,1.34867,1.34916,4.65,1.50
2011.05.16 07:17:25.983,1.34872,1.34917,1.50,1.50
2011.05.16 07:17:31.116,1.34867,1.34912,2.25,4.50
2011.05.16 07:17:31.566,1.34866,1.34913,3.75,1.50
2011.05.16 07:17:34.217,1.3488,1.34922,1.50,1.50
2011.05.16 07:17:34.553,1.34882,1.34924,1.50,2.25
2011.05.16 07:17:38.487,1.34876,1.34922,1.50,1.35
2011.05.16 07:17:38.967,1.34869,1.34917,1.50,1.50
2011.05.16 07:17:40.784,1.34869,1.34918,1.50,1.50
2011.05.16 07:17:41.335,1.34871,1.34924,1.50,3.00
2011.05.16 07:17:41.445,1.34871,1.34924,1.50,2.25
2011.05.16 07:17:41.774,1.34872,1.34923,2.78,3.00
2011.05.16 07:17:42.433,1.34871,1.34921,1.50,1.50
2011.05.16 07:17:44.664,1.34871,1.3492,1.50,1.35
2011.05.16 07:17:44.994,1.3487,1.34914,1.50,1.65
2011.05.16 07:17:45.213,1.3487,1.34921,1.68,1.35
2011.05.16 07:17:51.995,1.34866,1.34913,2.58,3.00
2011.05.16 07:17:52.545,1.34873,1.34914,3.15,1.50
2011.05.16 07:17:52.874,1.34873,1.34923,5.93,2.25
2011.05.16 07:17:53.095,1.34873,1.34923,1.50,3.00
2011.05.16 07:17:54.384,1.34867,1.34916,6.71,1.50
2011.05.16 07:17:54.934,1.34867,1.34914,2.43,4.28
2011.05.16 07:17:55.715,1.34867,1.34914,2.43,2.78
2011.05.16 07:17:55.934,1.34867,1.34914,3.18,2.78
2011.05.16 07:17:56.531,1.34877,1.34923,1.50,2.25
2011.05.16 07:17:57.413,1.34876,1.34923,1.50,2.25
2011.05.16 07:18:00.453,1.34872,1.3492,1.50,1.50
2011.05.16 07:18:01.049,1.34876,1.34923,1.50,2.25
2011.05.16 07:18:02.117,1.34872,1.3492,1.50,1.50
2011.05.16 07:18:04.305,1.34876,1.34923,1.50,3.90
2011.05.16 07:18:06.817,1.34876,1.34923,1.50,2.25
2011.05.16 07:18:07.154,1.34891,1.34934,1.65,1.13
2011.05.16 07:18:07.487,1.34891,1.34934,1.65,1.13
2011.05.16 07:18:07.826,1.34887,1.34935,2.25,1.13
2011.05.16 07:18:08.823,1.34887,1.34934,1.50,1.50
2011.05.16 07:18:10.234,1.34887,1.34934,1.50,1.50
2011.05.16 07:18:11.776,1.34887,1.34926,1.50,1.50
2011.05.16 07:18:12.335,1.34878,1.34926,3.03,1.50
2011.05.16 07:18:12.557,1.34881,1.34931,1.50,2.40
2011.05.16 07:18:13.366,1.34893,1.34937,1.50,1.13
2011.05.16 07:18:13.696,1.34893,1.34937,4.28,1.13
2011.05.16 07:18:16.653,1.34896,1.34937,4.46,1.13
2011.05.16 07:18:16.874,1.349,1.3494,1.50,1.13
2011.05.16 07:18:17.205,1.34897,1.3494,2.43,1.13
2011.05.16 07:18:18.726,1.34897,1.34937,2.43,1.88
2011.05.16 07:18:19.173,1.34896,1.34937,1.68,1.50
2011.05.16 07:18:19.653,1.34892,1.34935,1.68,2.40
2011.05.16 07:18:19.984,1.34892,1.34937,1.68,1.88
2011.05.16 07:18:20.714,1.34892,1.34937,1.68,1.50
2011.05.16 07:18:26.384,1.34892,1.34934,1.50,1.35
2011.05.16 07:18:29.787,1.34882,1.3493,1.68,1.50
2011.05.16 07:18:30.018,1.34893,1.34934,1.50,1.35
2011.05.16 07:18:30.575,1.34896,1.34948,2.25,1.13
2011.05.16 07:18:30.795,1.34896,1.34944,1.50,2.25
2011.05.16 07:18:31.346,1.34889,1.34937,1.50,1.50
2011.05.16 07:18:32.000,1.34892,1.34942,1.50,1.50
2011.05.16 07:18:32.335,1.34897,1.3493,1.50,1.50
2011.05.16 07:18:32.774,1.34897,1.3493,1.50,1.50
2011.05.16 07:18:32.883,1.34897,1.3493,1.50,1.50
2011.05.16 07:18:33.373,1.34897,1.34932,1.50,1.50
2011.05.16 07:18:33.592,1.34897,1.34932,1.50,1.50
2011.05.16 07:18:33.813,1.34897,1.34932,1.50,1.50
2011.05.16 07:18:33.924,1.34897,1.34932,1.50,1.50
2011.05.16 07:18:34.146,1.34897,1.34932,1.50,1.50
2011.05.16 07:18:34.475,1.34897,1.3493,2.25,1.50
2011.05.16 07:18:34.695,1.349,1.3493,2.40,1.50
2011.05.16 07:18:34.805,1.349,1.34935,1.65,1.50
2011.05.16 07:18:35.025,1.34896,1.3493,2.25,1.50
2011.05.16 07:18:35.136,1.34891,1.3493,1.68,1.50
2011.05.16 07:18:35.246,1.34887,1.3493,3.18,1.50
2011.05.16 07:18:35.573,1.34887,1.3493,3.18,1.50
2011.05.16 07:18:35.805,1.34887,1.3493,3.18,1.50
2011.05.16 07:18:36.024,1.34887,1.3493,3.18,1.50
2011.05.16 07:18:36.540,1.34889,1.34933,1.50,1.50
2011.05.16 07:18:36.874,1.34897,1.34933,1.50,1.50
2011.05.16 07:18:38.085,1.34887,1.34931,2.25,2.25
2011.05.16 07:18:38.305,1.34887,1.34924,2.25,1.50
2011.05.16 07:18:38.636,1.3489,1.34931,1.50,1.50
2011.05.16 07:18:39.074,1.3489,1.34931,1.50,1.50
2011.05.16 07:18:40.174,1.34891,1.34931,1.50,1.50
2011.05.16 07:18:40.727,1.34896,1.34931,2.25,1.50
2011.05.16 07:18:42.435,1.34909,1.34941,1.50,1.35
2011.05.16 07:18:42.545,1.34909,1.34945,1.50,1.50
2011.05.16 07:18:44.665,1.34908,1.34945,2.40,1.50
2011.05.16 07:18:44.776,1.34907,1.34945,2.25,1.50
2011.05.16 07:18:46.536,1.34902,1.34944,1.50,1.50
2011.05.16 07:18:49.446,1.34902,1.34941,1.50,1.50
2011.05.16 07:18:50.685,1.34898,1.34934,1.50,1.35
2011.05.16 07:18:50.795,1.34897,1.34932,1.50,1.50
2011.05.16 07:18:50.904,1.3489,1.34932,1.50,1.50
2011.05.16 07:18:51.016,1.3489,1.34937,1.50,1.35
2011.05.16 07:18:51.234,1.3489,1.34934,1.50,2.85
2011.05.16 07:18:52.634,1.34891,1.34934,1.50,2.10
2011.05.16 07:18:53.183,1.34897,1.34934,1.50,1.35
2011.05.16 07:18:53.527,1.3489,1.34934,1.50,1.35
2011.05.16 07:18:57.797,1.34895,1.34939,1.50,3.53
2011.05.16 07:18:58.135,1.34897,1.34943,4.50,2.25
2011.05.16 07:18:58.245,1.34895,1.34943,1.50,2.25
2011.05.16 07:18:59.159,1.34897,1.34944,2.25,1.50
2011.05.16 07:18:59.607,1.34897,1.34939,1.50,1.50
2011.05.16 07:18:59.946,1.34891,1.34939,1.50,1.50
2011.05.16 07:19:00.496,1.34886,1.34932,2.25,1.50
2011.05.16 07:19:03.883,1.34891,1.34937,1.50,1.50
2011.05.16 07:19:04.213,1.34896,1.34939,1.50,1.50
2011.05.16 07:19:04.435,1.34896,1.3494,2.25,1.35
2011.05.16 07:19:05.718,1.34888,1.34932,3.53,1.50
2011.05.16 07:19:11.555,1.34889,1.34939,1.50,1.50
2011.05.16 07:19:11.803,1.34886,1.34931,2.25,1.50
2011.05.16 07:19:12.025,1.34886,1.34931,2.25,1.50
2011.05.16 07:19:17.486,1.34886,1.34925,2.25,1.50
2011.05.16 07:19:17.815,1.34876,1.3492,2.25,2.40
2011.05.16 07:19:18.300,1.34878,1.34927,1.50,1.50
2011.05.16 07:19:19.516,1.34881,1.34923,3.53,1.50
2011.05.16 07:19:19.738,1.34881,1.34927,3.53,1.50
2011.05.16 07:19:22.965,1.3489,1.34934,1.50,2.25
2011.05.16 07:19:23.293,1.34888,1.34934,1.50,2.25
2011.05.16 07:19:23.403,1.34887,1.34934,3.53,2.25
2011.05.16 07:19:24.359,1.34886,1.34934,1.50,2.25
2011.05.16 07:19:24.585,1.3489,1.34937,1.50,1.13
2011.05.16 07:19:25.794,1.34896,1.34935,1.50,1.50
2011.05.16 07:19:26.013,1.34889,1.34935,2.78,1.50
2011.05.16 07:19:26.454,1.34887,1.34935,3.53,1.50
2011.05.16 07:19:29.755,1.34886,1.34927,5.03,1.50
2011.05.16 07:19:30.304,1.34887,1.34936,2.25,1.50
2011.05.16 07:19:30.634,1.3489,1.34938,1.50,1.13
2011.05.16 07:19:30.964,1.34887,1.34935,5.78,1.50
2011.05.16 07:19:31.295,1.34887,1.34935,3.00,1.50
2011.05.16 07:19:31.734,1.34887,1.34931,3.00,1.35
2011.05.16 07:19:43.348,1.34887,1.34935,1.68,2.40
2011.05.16 07:19:43.687,1.34893,1.34933,2.78,2.40
2011.05.16 07:19:43.796,1.34891,1.34938,2.78,3.15
2011.05.16 07:19:44.234,1.34891,1.34936,3.71,1.50
2011.05.16 07:19:45.003,1.34896,1.34937,1.50,1.50
2011.05.16 07:19:45.225,1.34892,1.34937,2.96,1.50
2011.05.16 07:19:47.125,1.34887,1.34929,1.68,1.50
2011.05.16 07:19:47.241,1.34886,1.34929,3.18,1.50
2011.05.16 07:19:47.795,1.34886,1.34929,2.25,1.50
2011.05.16 07:19:54.179,1.34887,1.34932,1.50,2.40
2011.05.16 07:19:54.848,1.34882,1.34929,4.46,1.50
2011.05.16 07:20:01.896,1.34881,1.34929,1.50,1.50
2011.05.16 07:20:02.257,1.34882,1.34929,1.13,1.50
2011.05.16 07:20:03.221,1.34882,1.34929,1.13,1.50
2011.05.16 07:20:07.373,1.34885,1.34929,1.13,1.50
2011.05.16 07:20:08.017,1.34887,1.34933,1.50,3.90
2011.05.16 07:20:08.452,1.34892,1.34937,2.10,1.50
2011.05.16 07:20:08.791,1.34915,1.34958,1.50,1.50
2011.05.16 07:20:09.015,1.34923,1.34965,1.13,2.25
2011.05.16 07:20:09.343,1.34924,1.34965,1.13,1.50
2011.05.16 07:20:11.293,1.34923,1.34965,1.13,1.50
2011.05.16 07:20:11.625,1.34952,1.34983,3.53,1.50
2011.05.16 07:20:11.955,1.34975,1.35018,3.53,1.50
2011.05.16 07:20:12.177,1.34979,1.35023,1.50,1.50
2011.05.16 07:20:12.406,1.34973,1.35021,1.13,1.50
2011.05.16 07:20:12.737,1.34977,1.3502,1.13,1.50
2011.05.16 07:20:12.856,1.34978,1.3502,1.50,1.50
2011.05.16 07:20:14.875,1.34983,1.35028,3.53,1.50
2011.05.16 07:20:15.316,1.34988,1.35034,3.53,2.25
2011.05.16 07:20:15.756,1.34989,1.35034,1.68,2.25
2011.05.16 07:20:15.974,1.34989,1.35034,1.68,2.25
2011.05.16 07:20:16.855,1.34992,1.35033,1.50,2.25
2011.05.16 07:20:17.406,1.34985,1.35033,1.68,3.00
2011.05.16 07:20:17.513,1.34985,1.35033,1.68,3.00
2011.05.16 07:20:18.723,1.34985,1.35033,4.46,3.00
2011.05.16 07:20:21.273,1.34985,1.35033,1.68,3.00
2011.05.16 07:20:22.584,1.34985,1.35033,1.68,2.25
2011.05.16 07:20:22.806,1.34986,1.35033,3.71,2.25
2011.05.16 07:20:22.914,1.34986,1.35033,3.71,2.25
2011.05.16 07:20:23.025,1.34985,1.35033,4.46,3.00
2011.05.16 07:20:23.133,1.34985,1.35033,4.46,3.00
2011.05.16 07:20:24.996,1.34986,1.35028,2.78,2.40
2011.05.16 07:20:25.224,1.34983,1.35024,2.78,1.50
2011.05.16 07:20:25.333,1.34977,1.35024,2.63,1.50
2011.05.16 07:20:28.028,1.34973,1.35017,1.50,1.50
2011.05.16 07:20:28.352,1.34967,1.35008,1.50,1.50
2011.05.16 07:20:28.764,1.34967,1.35007,1.50,1.35
2011.05.16 07:20:29.314,1.34967,1.35007,1.50,1.35
2011.05.16 07:20:31.173,1.34963,1.35005,1.50,1.35
2011.05.16 07:20:31.394,1.34966,1.35003,1.50,1.65
2011.05.16 07:20:31.724,1.34959,1.35005,1.50,1.35
2011.05.16 07:20:32.404,1.34962,1.35007,1.13,1.35
2011.05.16 07:20:32.864,1.34962,1.35007,1.13,1.35
2011.05.16 07:20:35.465,1.34962,1.35007,1.13,1.35
2011.05.16 07:20:35.796,1.3495,1.34999,1.50,1.50
2011.05.16 07:20:36.124,1.34948,1.34983,1.13,1.50
2011.05.16 07:20:36.346,1.34949,1.34993,1.50,2.40
2011.05.16 07:20:36.565,1.34949,1.34994,1.50,1.50
2011.05.16 07:20:36.896,1.34948,1.34994,1.13,2.25
2011.05.16 07:20:37.005,1.34948,1.34993,1.13,1.50
2011.05.16 07:20:37.444,1.34941,1.34991,1.50,1.50
2011.05.16 07:20:37.553,1.34938,1.34989,3.53,1.13
2011.05.16 07:20:37.664,1.34941,1.34989,1.50,1.13
2011.05.16 07:20:37.775,1.34934,1.34982,1.68,1.35
2011.05.16 07:20:38.104,1.34932,1.34981,1.50,1.50
2011.05.16 07:20:38.213,1.34932,1.34981,1.50,1.50
2011.05.16 07:20:38.727,1.34949,1.34984,4.50,3.75
2011.05.16 07:20:38.849,1.34956,1.34984,3.53,1.65
2011.05.16 07:20:38.967,1.34956,1.34982,2.78,1.35
2011.05.16 07:20:39.085,1.34947,1.34982,1.13,1.35
2011.05.16 07:20:39.194,1.34946,1.34982,1.50,1.35
2011.05.16 07:20:39.305,1.34943,1.34982,1.13,1.35
2011.05.16 07:20:39.635,1.34944,1.34982,1.13,1.35
2011.05.16 07:20:39.746,1.34944,1.34982,1.13,1.35
2011.05.16 07:20:40.084,1.34944,1.34983,1.13,1.50
2011.05.16 07:20:40.415,1.34955,1.34991,3.53,2.10
2011.05.16 07:20:40.526,1.34961,1.34994,1.50,1.65
2011.05.16 07:20:40.635,1.34961,1.35003,1.50,2.25
2011.05.16 07:20:40.746,1.34967,1.35003,1.50,2.25
2011.05.16 07:20:40.964,1.3498,1.35017,1.13,1.35
2011.05.16 07:20:41.515,1.3498,1.35014,1.13,1.50
2011.05.16 07:20:43.306,1.3498,1.35014,1.68,1.50
2011.05.16 07:20:43.636,1.34984,1.35014,1.68,1.50
2011.05.16 07:20:43.976,1.3498,1.35023,1.68,2.25
2011.05.16 07:20:44.368,1.34979,1.3502,1.13,3.15
2011.05.16 07:20:44.596,1.34979,1.35023,1.13,2.25
2011.05.16 07:20:46.134,1.34978,1.35012,1.13,2.78
2011.05.16 07:20:46.464,1.34957,1.34993,1.50,2.40
2011.05.16 07:20:47.014,1.34957,1.34993,1.50,3.90
2011.05.16 07:20:47.746,1.34957,1.34993,1.50,2.40
2011.05.16 07:20:48.073,1.34963,1.35004,3.53,2.25
2011.05.16 07:20:48.623,1.34962,1.35004,1.50,2.25
2011.05.16 07:20:50.425,1.34964,1.35004,2.78,2.25
2011.05.16 07:20:50.536,1.34964,1.35004,2.78,2.25
2011.05.16 07:20:50.646,1.34958,1.35004,1.50,3.00
2011.05.16 07:20:50.874,1.34957,1.35003,1.50,1.50
2011.05.16 07:20:51.896,1.34955,1.3499,1.13,4.50
2011.05.16 07:20:52.897,1.34956,1.34983,1.50,1.50
2011.05.16 07:20:53.019,1.34956,1.34994,1.50,1.50
2011.05.16 07:20:53.576,1.34955,1.35002,1.50,1.35
2011.05.16 07:20:54.016,1.34957,1.35004,1.50,2.25
2011.05.16 07:20:55.675,1.34957,1.35004,1.50,2.25
2011.05.16 07:20:57.375,1.34956,1.34999,2.25,1.50
2011.05.16 07:20:58.861,1.34957,1.35007,1.68,1.50
2011.05.16 07:20:59.418,1.34957,1.35007,1.50,1.50
2011.05.16 07:21:00.017,1.34966,1.35015,2.25,1.50
2011.05.16 07:21:00.246,1.34969,1.3502,1.50,1.88
2011.05.16 07:21:00.357,1.34971,1.35011,1.13,1.50
2011.05.16 07:21:03.087,1.34988,1.35019,1.50,2.78
2011.05.16 07:21:03.318,1.34981,1.3502,1.65,1.50
2011.05.16 07:21:03.434,1.34981,1.3502,1.65,1.50
2011.05.16 07:21:03.546,1.34976,1.3502,2.25,1.50
2011.05.16 07:21:03.763,1.34976,1.3502,1.50,1.50
2011.05.16 07:21:04.426,1.34976,1.3502,1.50,1.50
2011.05.16 07:21:04.974,1.34976,1.3502,2.25,1.50
2011.05.16 07:21:05.195,1.34977,1.35025,1.50,2.40
2011.05.16 07:21:05.834,1.34976,1.35027,2.25,1.50
2011.05.16 07:21:06.233,1.34999,1.35026,1.13,1.35
2011.05.16 07:21:06.566,1.34987,1.35025,1.50,1.35
2011.05.16 07:21:07.113,1.34986,1.35025,1.50,1.35
2011.05.16 07:21:07.446,1.34986,1.35025,1.50,1.35
2011.05.16 07:21:07.664,1.34988,1.35032,1.50,1.50
2011.05.16 07:21:07.775,1.34995,1.35032,1.65,1.50
2011.05.16 07:21:08.191,1.34995,1.35045,2.40,1.13
2011.05.16 07:21:08.527,1.34995,1.35032,1.65,1.35
2011.05.16 07:21:08.926,1.34988,1.35016,1.68,1.50
2011.05.16 07:21:09.269,1.34936,1.34975,1.13,2.78
2011.05.16 07:21:09.390,1.34936,1.34996,1.13,2.25
2011.05.16 07:21:09.507,1.34937,1.34982,1.13,2.40
2011.05.16 07:21:09.737,1.34937,1.34982,1.13,1.65
2011.05.16 07:21:09.964,1.34936,1.34989,1.13,2.40
2011.05.16 07:21:10.625,1.34946,1.34979,1.13,1.65
2011.05.16 07:21:10.736,1.34946,1.34984,1.13,1.50
2011.05.16 07:21:11.066,1.34946,1.34979,1.13,2.40
2011.05.16 07:21:11.617,1.34959,1.34973,1.50,2.78
2011.05.16 07:21:11.850,1.34956,1.34976,1.50,2.78
2011.05.16 07:21:12.189,1.3495,1.34976,1.50,2.78
2011.05.16 07:21:12.317,1.3495,1.34964,1.50,2.78
2011.05.16 07:21:12.429,1.34948,1.34964,1.35,2.78
2011.05.16 07:21:13.124,1.3495,1.34963,1.50,2.78
2011.05.16 07:21:13.254,1.34948,1.34961,1.35,2.78
2011.05.16 07:21:13.480,1.34948,1.34965,1.35,2.78
2011.05.16 07:21:13.743,1.34953,1.34965,1.50,2.78
2011.05.16 07:21:13.857,1.34953,1.34973,1.68,2.78
2011.05.16 07:21:13.977,1.34953,1.34973,1.68,2.78
2011.05.16 07:21:14.953,1.34953,1.34987,1.68,2.78
2011.05.16 07:21:15.068,1.34953,1.34986,1.68,2.78
2011.05.16 07:21:15.404,1.34953,1.34984,1.68,2.78
2011.05.16 07:21:16.015,1.34953,1.34987,1.68,2.78
2011.05.16 07:21:16.475,1.34953,1.34987,1.68,2.78
2011.05.16 07:21:16.806,1.34969,1.34987,1.53,2.78
2011.05.16 07:21:16.917,1.34969,1.35,2.28,3.53
2011.05.16 07:21:18.149,1.34974,1.35012,4.50,1.13
2011.05.16 07:21:18.815,1.34977,1.35024,4.50,2.25
2011.05.16 07:21:19.036,1.34979,1.35024,3.53,2.25
2011.05.16 07:21:21.029,1.34977,1.35018,1.50,1.50
2011.05.16 07:21:21.258,1.34977,1.35022,1.50,1.50
2011.05.16 07:21:21.672,1.34977,1.35016,2.25,1.50
2011.05.16 07:21:22.011,1.3496,1.35008,4.28,1.50
2011.05.16 07:21:22.126,1.34959,1.35008,1.68,1.50
2011.05.16 07:21:22.238,1.34959,1.35008,1.50,1.50
2011.05.16 07:21:22.574,1.34969,1.35012,2.40,1.50
2011.05.16 07:21:23.126,1.34969,1.35012,2.40,1.50
2011.05.16 07:21:26.065,1.34969,1.35012,1.65,1.50
2011.05.16 07:21:26.285,1.34958,1.35012,3.53,1.50
2011.05.16 07:21:29.367,1.34965,1.35009,1.65,1.50
2011.05.16 07:21:29.704,1.34965,1.35011,2.40,1.50
2011.05.16 07:21:33.834,1.34967,1.35013,1.50,2.25
2011.05.16 07:21:34.313,1.34967,1.35008,1.50,2.10
2011.05.16 07:21:36.563,1.34967,1.35008,1.50,1.50
2011.05.16 07:21:36.894,1.34967,1.35011,2.25,4.28
2011.05.16 07:21:37.114,1.3496,1.35007,1.13,1.50
2011.05.16 07:21:40.738,1.34961,1.35003,1.88,1.50
2011.05.16 07:21:40.861,1.34964,1.35012,1.50,1.50
2011.05.16 07:21:40.975,1.34969,1.35012,1.65,1.50
2011.05.16 07:21:41.306,1.34976,1.35018,3.15,3.53
2011.05.16 07:21:41.634,1.34976,1.35014,1.50,1.50
2011.05.16 07:21:43.410,1.34966,1.35014,1.13,1.50
2011.05.16 07:21:43.526,1.34969,1.35022,2.40,1.50
2011.05.16 07:21:45.684,1.34969,1.35022,3.15,4.28
2011.05.16 07:21:46.015,1.34969,1.35023,2.40,2.25
2011.05.16 07:21:46.235,1.34975,1.35023,1.50,2.25
2011.05.16 07:21:46.673,1.34975,1.35023,1.50,2.25
2011.05.16 07:21:53.683,1.34973,1.35014,1.13,2.25
2011.05.16 07:21:56.016,1.34969,1.3501,1.13,1.50
2011.05.16 07:21:56.344,1.34973,1.35014,1.13,3.00
2011.05.16 07:21:58.823,1.34973,1.35014,1.13,1.50
2011.05.16 07:22:00.299,1.34973,1.35014,1.13,1.50
2011.05.16 07:22:01.986,1.34973,1.35014,1.13,2.25
2011.05.16 07:22:02.095,1.34973,1.35014,1.13,3.00
2011.05.16 07:22:02.425,1.34971,1.35011,1.13,1.50
2011.05.16 07:22:06.714,1.34972,1.35013,1.13,1.65
2011.05.16 07:22:07.215,1.3497,1.35014,1.13,2.25
2011.05.16 07:22:07.796,1.34971,1.35012,1.13,1.50
2011.05.16 07:22:10.274,1.34972,1.35013,1.13,1.65
2011.05.16 07:22:10.847,1.34971,1.35014,1.13,1.50
2011.05.16 07:22:11.737,1.34967,1.35014,1.13,2.25
2011.05.16 07:22:12.204,1.34966,1.35014,1.50,2.25
2011.05.16 07:22:14.947,1.34964,1.35014,2.06,2.25
2011.05.16 07:22:16.393,1.34966,1.35014,1.50,2.25
2011.05.16 07:22:17.216,1.34976,1.35016,2.10,1.50
2011.05.16 07:22:17.545,1.34983,1.35023,1.35,2.25
2011.05.16 07:22:17.765,1.34977,1.35023,3.33,2.25
2011.05.16 07:22:18.094,1.34976,1.35023,1.68,2.25
2011.05.16 07:22:18.424,1.3497,1.35023,1.68,2.25
2011.05.16 07:22:20.268,1.34974,1.35023,3.53,2.25
2011.05.16 07:22:20.389,1.34977,1.35023,2.40,2.25
2011.05.16 07:22:22.448,1.34977,1.35024,3.15,1.50
2011.05.16 07:22:22.784,1.34977,1.35021,1.50,1.50
2011.05.16 07:22:23.354,1.34975,1.35017,1.13,1.50
2011.05.16 07:22:23.904,1.34969,1.35017,1.50,1.50
2011.05.16 07:22:24.665,1.34969,1.35017,1.50,1.50
2011.05.16 07:22:26.423,1.34969,1.35017,1.50,1.50
2011.05.16 07:22:26.755,1.34975,1.35017,1.13,1.50
2011.05.16 07:22:26.977,1.34981,1.35019,3.15,2.25
2011.05.16 07:22:27.095,1.34985,1.35019,1.50,2.25
2011.05.16 07:22:27.205,1.34984,1.35019,3.53,1.50
2011.05.16 07:22:27.316,1.34982,1.35025,1.50,1.50
2011.05.16 07:22:27.424,1.34982,1.3502,2.78,1.35
2011.05.16 07:22:27.534,1.34977,1.3502,1.50,1.35
2011.05.16 07:22:31.355,1.34967,1.35011,2.25,1.50
2011.05.16 07:22:31.904,1.34967,1.35011,2.25,1.50
2011.05.16 07:22:32.342,1.34967,1.35011,1.50,1.50
2011.05.16 07:22:33.007,1.34967,1.35012,2.25,1.35
2011.05.16 07:22:33.116,1.3497,1.35012,1.50,1.35
2011.05.16 07:22:33.555,1.34971,1.35021,1.50,1.50
2011.05.16 07:22:42.935,1.34977,1.35022,4.28,1.50
2011.05.16 07:22:43.412,1.34967,1.35016,4.28,1.50
2011.05.16 07:22:44.986,1.34968,1.35014,1.50,2.25
2011.05.16 07:22:45.316,1.34968,1.35014,1.50,2.25
2011.05.16 07:22:47.236,1.34965,1.35014,1.50,2.25
2011.05.16 07:22:47.605,1.34965,1.35014,1.50,2.25
2011.05.16 07:22:49.005,1.34967,1.35014,1.50,2.25
2011.05.16 07:22:49.114,1.34968,1.35019,1.50,2.40
2011.05.16 07:22:49.446,1.34966,1.35017,2.25,1.50
2011.05.16 07:22:49.555,1.34969,1.35017,2.78,1.50
2011.05.16 07:22:49.964,1.34967,1.35017,2.78,2.25
2011.05.16 07:22:50.975,1.34967,1.35013,7.28,1.50
2011.05.16 07:22:51.415,1.3497,1.35018,1.50,1.50
2011.05.16 07:22:52.797,1.34966,1.35017,3.75,2.10
2011.05.16 07:22:53.354,1.34966,1.35017,3.00,2.10
2011.05.16 07:22:53.467,1.34967,1.35017,1.50,2.10
2011.05.16 07:22:53.685,1.34969,1.35017,1.50,2.10
2011.05.16 07:22:54.017,1.34972,1.35018,1.50,2.40
2011.05.16 07:22:54.574,1.34973,1.35022,1.50,1.50
2011.05.16 07:22:56.801,1.34968,1.35016,1.50,1.50
2011.05.16 07:22:57.282,1.34968,1.35016,1.50,1.50
2011.05.16 07:22:57.727,1.34966,1.3501,1.50,1.50
2011.05.16 07:22:57.956,1.34966,1.3501,2.25,1.50
2011.05.16 07:22:58.845,1.34966,1.35007,1.50,2.40
2011.05.16 07:22:59.943,1.34966,1.3501,1.50,2.25
2011.05.16 07:23:00.276,1.3496,1.35004,1.13,1.50
2011.05.16 07:23:01.265,1.34956,1.35004,3.00,1.50
2011.05.16 07:23:01.598,1.34956,1.34996,2.25,1.50
2011.05.16 07:23:01.978,1.34959,1.35001,1.50,1.50
2011.05.16 07:23:02.098,1.34956,1.35001,2.25,1.50
2011.05.16 07:23:05.165,1.34959,1.35001,1.50,1.50
2011.05.16 07:23:05.494,1.3496,1.35005,2.25,1.35
2011.05.16 07:23:05.714,1.34967,1.35005,1.50,1.35
2011.05.16 07:23:07.069,1.34959,1.35003,1.50,1.50
2011.05.16 07:23:07.185,1.34956,1.35003,3.00,1.50
2011.05.16 07:23:08.815,1.34956,1.35003,3.00,1.50
2011.05.16 07:23:09.144,1.34947,1.34995,1.53,1.50
2011.05.16 07:23:09.257,1.34946,1.34987,2.25,1.50
2011.05.16 07:23:09.374,1.34944,1.34987,1.13,5.25
2011.05.16 07:23:09.705,1.34945,1.3498,1.13,1.65
2011.05.16 07:23:09.814,1.34945,1.34987,1.13,2.25
2011.05.16 07:23:09.924,1.34945,1.34988,1.13,2.40
2011.05.16 07:23:17.568,1.34943,1.34988,1.50,1.65
2011.05.16 07:23:18.129,1.34948,1.34996,1.50,1.50
2011.05.16 07:23:18.449,1.34951,1.35003,1.50,2.10
2011.05.16 07:23:18.785,1.34947,1.34997,2.28,1.50
2011.05.16 07:23:29.174,1.34951,1.35001,1.50,3.15
2011.05.16 07:23:29.285,1.34952,1.35001,1.50,3.15
2011.05.16 07:23:29.396,1.34953,1.35004,1.50,2.25
2011.05.16 07:23:29.723,1.34957,1.35007,2.25,1.50
2011.05.16 07:23:34.166,1.34961,1.35009,2.10,1.50
2011.05.16 07:23:34.385,1.34971,1.35015,1.35,1.50
2011.05.16 07:23:34.498,1.34968,1.35013,6.15,1.35
2011.05.16 07:23:34.614,1.34967,1.35008,2.78,1.50
2011.05.16 07:23:34.724,1.3496,1.35008,1.50,1.50
2011.05.16 07:23:34.943,1.3496,1.35008,1.50,1.50
2011.05.16 07:23:36.634,1.34969,1.35012,1.50,2.40
2011.05.16 07:23:36.964,1.3496,1.35008,1.50,1.50
2011.05.16 07:23:40.253,1.3496,1.35012,1.50,1.50
2011.05.16 07:23:43.551,1.34962,1.35003,1.13,2.25
2011.05.16 07:23:43.670,1.34962,1.35003,1.13,2.25
2011.05.16 07:23:44.756,1.34961,1.35003,1.13,5.03
2011.05.16 07:23:44.867,1.34961,1.35006,1.13,1.50
2011.05.16 07:23:45.207,1.34969,1.35008,3.53,1.35
2011.05.16 07:23:45.435,1.34964,1.35007,1.68,1.50
2011.05.16 07:23:45.765,1.34963,1.35008,1.50,1.35
2011.05.16 07:23:45.986,1.34961,1.34997,1.13,1.35
2011.05.16 07:23:46.203,1.34962,1.34997,1.13,1.35
2011.05.16 07:23:48.855,1.34962,1.34997,1.13,1.35
2011.05.16 07:23:48.965,1.3496,1.34998,1.13,2.10
2011.05.16 07:23:49.187,1.34962,1.34998,1.13,1.35
2011.05.16 07:23:49.527,1.34966,1.35011,1.50,1.35
2011.05.16 07:23:50.254,1.34966,1.35013,1.50,1.50
2011.05.16 07:23:52.455,1.34981,1.35013,4.50,1.50
2011.05.16 07:23:52.565,1.3499,1.35026,1.50,1.65
2011.05.16 07:23:52.674,1.3499,1.3503,1.50,1.50
2011.05.16 07:23:52.786,1.34982,1.3502,1.65,1.50
2011.05.16 07:23:52.894,1.3498,1.3502,1.50,1.50
2011.05.16 07:23:53.245,1.34976,1.35019,2.25,1.50
2011.05.16 07:23:56.036,1.34965,1.35015,1.13,1.50
2011.05.16 07:23:56.467,1.34965,1.35014,2.78,2.25
2011.05.16 07:23:56.696,1.3497,1.35014,1.50,1.50
2011.05.16 07:23:56.805,1.3497,1.3502,1.50,2.25
2011.05.16 07:23:57.695,1.3497,1.3502,1.50,1.50
2011.05.16 07:23:57.807,1.34979,1.35022,1.50,1.65
2011.05.16 07:23:57.928,1.34973,1.3502,3.15,1.50
2011.05.16 07:23:58.046,1.34973,1.35019,2.40,1.35
2011.05.16 07:23:58.268,1.34967,1.35013,2.25,1.50
2011.05.16 07:23:58.936,1.34972,1.35013,1.50,1.50
2011.05.16 07:23:59.045,1.34972,1.35016,1.50,2.10
2011.05.16 07:23:59.156,1.34972,1.35012,1.50,3.38
2011.05.16 07:23:59.487,1.34965,1.35011,1.13,3.53
2011.05.16 07:23:59.824,1.34973,1.35014,1.50,1.50
2011.05.16 07:23:59.936,1.34981,1.3502,1.50,1.35
2011.05.16 07:24:00.486,1.34981,1.35021,1.50,4.13
2011.05.16 07:24:00.705,1.34976,1.3502,2.25,1.35
2011.05.16 07:24:00.816,1.3497,1.35013,1.50,1.50
2011.05.16 07:24:01.255,1.34965,1.35013,1.13,1.50
2011.05.16 07:24:03.283,1.34966,1.35013,1.13,1.50
2011.05.16 07:24:06.374,1.34966,1.35014,1.13,3.00
2011.05.16 07:24:09.594,1.34966,1.35013,1.13,1.50
2011.05.16 07:24:10.254,1.3497,1.35014,1.50,2.10
2011.05.16 07:24:10.601,1.3497,1.35018,1.50,2.10
2011.05.16 07:24:10.721,1.34966,1.3501,2.63,1.35
2011.05.16 07:24:11.504,1.34965,1.35009,1.13,1.35
2011.05.16 07:24:13.345,1.34962,1.35009,1.50,2.10
2011.05.16 07:24:13.565,1.34962,1.35003,1.13,4.50
2011.05.16 07:24:13.895,1.34956,1.34992,2.25,3.53
2011.05.16 07:24:14.007,1.34941,1.34986,2.06,1.50
2011.05.16 07:24:14.234,1.34941,1.34987,1.13,1.50
2011.05.16 07:24:14.343,1.34941,1.34984,1.13,1.50
2011.05.16 07:24:15.725,1.34941,1.34979,1.13,1.65
2011.05.16 07:24:16.056,1.34941,1.34977,1.13,1.35
2011.05.16 07:24:16.165,1.34941,1.34979,1.13,2.40
2011.05.16 07:24:16.491,1.34941,1.34979,1.13,2.40
2011.05.16 07:24:19.578,1.34944,1.34988,1.50,1.50
2011.05.16 07:24:19.694,1.34953,1.34993,1.50,2.10
2011.05.16 07:24:20.025,1.34948,1.34988,2.40,1.50
2011.05.16 07:24:22.155,1.34943,1.34985,1.13,5.25
2011.05.16 07:24:22.269,1.34938,1.34976,3.15,1.35
2011.05.16 07:24:22.496,1.34938,1.34971,1.50,1.35
2011.05.16 07:24:22.934,1.34939,1.34971,1.50,3.00
2011.05.16 07:24:23.485,1.34944,1.3498,1.13,2.40
2011.05.16 07:24:23.704,1.34944,1.34974,1.13,1.50
2011.05.16 07:24:24.364,1.34944,1.34974,1.13,2.25
2011.05.16 07:24:24.918,1.34935,1.34971,1.50,3.15
2011.05.16 07:24:29.332,1.34935,1.34971,1.50,1.65
2011.05.16 07:24:29.447,1.34935,1.34973,1.50,2.25
2011.05.16 07:24:29.568,1.34932,1.34973,1.50,1.50
2011.05.16 07:24:29.795,1.34932,1.3498,1.50,1.50
2011.05.16 07:24:29.905,1.34932,1.34982,1.50,1.50
2011.05.16 07:24:30.014,1.34937,1.34983,1.50,3.00
2011.05.16 07:24:30.336,1.34937,1.34983,1.50,1.50
2011.05.16 07:24:33.564,1.34933,1.34981,1.13,1.50
2011.05.16 07:24:34.447,1.34953,1.34983,1.35,2.25
2011.05.16 07:24:34.569,1.34953,1.34993,1.35,1.50
2011.05.16 07:24:34.686,1.34956,1.35,1.50,1.13
2011.05.16 07:24:35.826,1.34955,1.35,1.50,1.50
2011.05.16 07:24:35.939,1.34957,1.35001,1.50,2.78
2011.05.16 07:24:36.171,1.34951,1.35,3.33,1.88
2011.05.16 07:24:36.508,1.34942,1.34983,1.68,2.25
2011.05.16 07:24:36.845,1.34942,1.34982,1.68,1.35
2011.05.16 07:24:37.396,1.34932,1.34975,1.13,2.40
2011.05.16 07:24:37.505,1.34932,1.34973,1.13,2.25
2011.05.16 07:24:37.724,1.34932,1.34973,1.13,2.25
2011.05.16 07:24:38.105,1.3494,1.34973,1.50,1.50
2011.05.16 07:24:38.326,1.3494,1.34983,1.50,2.10
2011.05.16 07:24:38.434,1.34936,1.34982,1.50,1.35
2011.05.16 07:24:38.654,1.34936,1.3498,1.50,1.50
2011.05.16 07:24:39.042,1.34933,1.34976,1.68,1.50
2011.05.16 07:24:39.156,1.34932,1.34975,1.13,2.40
2011.05.16 07:24:39.275,1.34932,1.34974,1.13,2.25
2011.05.16 07:24:40.048,1.34932,1.34966,1.13,2.40
2011.05.16 07:24:40.278,1.34933,1.34969,1.13,1.35
2011.05.16 07:24:40.505,1.34933,1.34968,1.13,5.10
2011.05.16 07:24:40.615,1.34933,1.34965,1.13,1.65
2011.05.16 07:24:40.835,1.34932,1.34968,1.13,1.35
2011.05.16 07:24:40.946,1.34932,1.34968,1.13,5.10
2011.05.16 07:24:41.176,1.34932,1.34969,1.13,4.13
2011.05.16 07:24:46.424,1.34927,1.34974,1.50,1.50
2011.05.16 07:24:48.037,1.34937,1.34974,1.50,1.50
2011.05.16 07:24:48.265,1.34941,1.34984,1.50,2.25
2011.05.16 07:24:53.070,1.34941,1.34978,1.50,2.78
2011.05.16 07:24:53.405,1.34931,1.34973,1.13,2.25
2011.05.16 07:24:53.517,1.34931,1.34973,1.13,2.25
2011.05.16 07:24:54.074,1.34931,1.34964,1.13,1.50
2011.05.16 07:25:06.066,1.34927,1.34973,1.50,2.10
2011.05.16 07:25:08.246,1.34928,1.34973,1.50,2.25
2011.05.16 07:25:08.356,1.34928,1.34964,1.50,1.50
2011.05.16 07:25:09.403,1.34928,1.34973,1.50,2.25
2011.05.16 07:25:09.734,1.34928,1.34964,1.50,1.50
2011.05.16 07:25:10.157,1.34928,1.34973,1.50,2.25
2011.05.16 07:25:10.605,1.34923,1.34973,1.13,3.00
2011.05.16 07:25:10.933,1.34923,1.34964,1.13,1.50
2011.05.16 07:25:16.185,1.34921,1.34973,1.13,3.75
2011.05.16 07:25:16.297,1.34928,1.34973,1.50,2.25
2011.05.16 07:25:22.988,1.34924,1.34973,1.13,6.75
2011.05.16 07:25:23.544,1.34924,1.34963,1.13,1.50
2011.05.16 07:25:40.974,1.34921,1.34964,1.13,2.25
2011.05.16 07:25:43.947,1.34922,1.34959,1.13,1.35
2011.05.16 07:25:45.155,1.34921,1.34963,1.13,2.40
2011.05.16 07:25:45.266,1.34921,1.34963,1.13,1.65
2011.05.16 07:25:45.827,1.34921,1.34964,1.13,1.50
2011.05.16 07:25:47.933,1.34921,1.34963,1.13,1.50
2011.05.16 07:25:53.983,1.34915,1.34963,4.28,1.50
2011.05.16 07:25:55.829,1.34913,1.34962,2.06,2.40
2011.05.16 07:25:56.274,1.34913,1.34962,4.83,2.40
2011.05.16 07:25:56.384,1.34913,1.3496,4.83,4.50
2011.05.16 07:25:56.718,1.34913,1.34958,1.13,1.65
2011.05.16 07:25:56.945,1.34913,1.34963,1.13,2.25
2011.05.16 07:25:59.540,1.34914,1.34962,1.31,1.50
2011.05.16 07:25:59.657,1.34914,1.3496,1.31,1.50
2011.05.16 07:26:00.149,1.34929,1.34967,1.50,1.50
2011.05.16 07:26:00.497,1.34937,1.34981,1.68,3.53
2011.05.16 07:26:00.725,1.34936,1.34981,1.35,3.90
2011.05.16 07:26:01.164,1.34936,1.34981,2.10,1.13
2011.05.16 07:26:01.755,1.3494,1.34978,2.78,1.50
2011.05.16 07:26:01.973,1.34936,1.34982,2.10,1.13
2011.05.16 07:26:02.534,1.34936,1.34983,2.10,2.25
2011.05.16 07:26:05.589,1.34941,1.34989,1.50,2.78
2011.05.16 07:26:06.539,1.3494,1.34988,1.50,1.50
2011.05.16 07:26:06.654,1.3494,1.34988,1.50,1.50
2011.05.16 07:26:06.986,1.3494,1.34988,1.50,1.88
2011.05.16 07:26:07.757,1.34942,1.34984,1.50,2.25
2011.05.16 07:26:08.196,1.34942,1.34984,5.25,2.25
2011.05.16 07:26:08.525,1.34943,1.34988,1.50,3.90
2011.05.16 07:26:08.747,1.34943,1.34989,1.50,1.13
2011.05.16 07:26:08.966,1.34956,1.34991,1.50,3.15
2011.05.16 07:26:09.299,1.34956,1.34994,1.50,5.18
2011.05.16 07:26:09.418,1.34946,1.34992,2.25,4.28
2011.05.16 07:26:16.664,1.34947,1.34988,1.50,3.53
2011.05.16 07:26:23.004,1.34947,1.34991,1.50,3.53
2011.05.16 07:26:27.993,1.34946,1.34992,1.50,4.28
2011.05.16 07:26:32.996,1.34947,1.34992,1.50,4.28
2011.05.16 07:26:40.186,1.3494,1.34992,1.50,4.28
2011.05.16 07:26:42.356,1.3494,1.34992,1.50,4.28
2011.05.16 07:26:47.004,1.34946,1.34992,1.50,1.50
2011.05.16 07:27:05.093,1.34947,1.34992,1.50,1.50
2011.05.16 07:27:05.434,1.3494,1.34992,1.50,1.50
2011.05.16 07:27:07.817,1.34942,1.34992,1.50,4.28
2011.05.16 07:27:10.816,1.34951,1.34994,1.50,2.40
2011.05.16 07:27:12.464,1.34949,1.35003,1.68,2.25
2011.05.16 07:27:19.125,1.3495,1.35003,1.50,2.25
2011.05.16 07:27:19.235,1.34948,1.34988,1.68,1.50
2011.05.16 07:27:19.345,1.34942,1.34987,2.96,1.50
2011.05.16 07:27:19.455,1.3494,1.34987,1.31,1.50
2011.05.16 07:27:19.786,1.34935,1.34973,1.50,1.50
2011.05.16 07:27:20.335,1.34931,1.34971,1.50,1.50
2011.05.16 07:27:20.840,1.34947,1.34995,1.50,2.10
2011.05.16 07:27:20.958,1.34947,1.34995,1.50,1.50
2011.05.16 07:27:21.514,1.34947,1.34993,1.50,1.50
2011.05.16 07:27:24.805,1.34937,1.34975,1.50,1.50
2011.05.16 07:27:30.204,1.34928,1.34975,1.13,1.50
2011.05.16 07:27:32.737,1.34934,1.34987,1.50,3.15
2011.05.16 07:27:33.066,1.34936,1.34982,2.25,3.15
2011.05.16 07:27:33.175,1.34936,1.34972,1.50,1.50
2011.05.16 07:27:33.371,1.34927,1.34972,2.25,1.50
2011.05.16 07:27:39.470,1.34931,1.34979,1.35,1.50
2011.05.16 07:27:39.588,1.34935,1.34982,2.10,2.40
2011.05.16 07:27:39.816,1.34937,1.34992,1.35,1.50
2011.05.16 07:27:40.147,1.34938,1.34989,1.50,1.35
2011.05.16 07:27:40.265,1.34936,1.34989,3.00,1.35
2011.05.16 07:27:40.377,1.34936,1.34983,2.25,1.50
2011.05.16 07:27:41.694,1.34936,1.34983,2.25,1.50
2011.05.16 07:27:43.913,1.34936,1.34983,1.50,1.50
2011.05.16 07:27:55.974,1.34936,1.34973,1.50,2.40
2011.05.16 07:27:56.308,1.34926,1.34971,2.63,1.50
2011.05.16 07:27:56.537,1.34926,1.3497,2.63,1.50
2011.05.16 07:27:59.921,1.34926,1.34974,3.38,1.35
2011.05.16 07:28:00.256,1.34925,1.34964,1.13,1.50
2011.05.16 07:28:04.765,1.34918,1.34968,1.88,1.50
2011.05.16 07:28:08.576,1.34924,1.3497,1.50,1.35
2011.05.16 07:28:08.797,1.34919,1.34968,1.50,1.50
2011.05.16 07:28:09.247,1.34923,1.34971,3.53,1.50
2011.05.16 07:28:09.355,1.34929,1.34975,1.50,2.40
2011.05.16 07:28:12.558,1.34938,1.34983,1.50,2.25
2011.05.16 07:28:12.677,1.34943,1.34983,1.35,2.25
2011.05.16 07:28:12.796,1.3495,1.34993,1.50,1.50
2011.05.16 07:28:13.138,1.34951,1.34976,1.65,1.35
2011.05.16 07:28:13.257,1.34933,1.34973,1.68,1.50
2011.05.16 07:28:13.475,1.34932,1.34973,1.68,1.50
2011.05.16 07:28:14.106,1.34938,1.34979,1.50,2.40
2011.05.16 07:28:14.325,1.34938,1.34988,1.50,2.10
2011.05.16 07:28:14.549,1.34931,1.3497,1.68,3.00
2011.05.16 07:28:14.887,1.34933,1.34983,1.50,1.50
2011.05.16 07:28:14.997,1.34933,1.34979,1.50,2.78
2011.05.16 07:28:15.107,1.34933,1.34984,1.50,3.00
2011.05.16 07:28:16.756,1.34939,1.34984,1.50,2.25
2011.05.16 07:28:17.195,1.34939,1.34984,1.50,1.50
2011.05.16 07:28:21.467,1.34938,1.34984,3.53,2.25
2011.05.16 07:28:21.575,1.34934,1.34984,3.71,2.25
2011.05.16 07:28:22.754,1.34928,1.34975,1.13,1.35
2011.05.16 07:28:23.097,1.34935,1.34983,1.50,2.85
2011.05.16 07:28:23.437,1.34935,1.34983,1.50,2.25
2011.05.16 07:28:23.558,1.34943,1.34988,1.50,1.50
2011.05.16 07:28:23.895,1.34949,1.34997,2.43,1.13
2011.05.16 07:28:24.007,1.34954,1.34997,1.50,1.13
2011.05.16 07:28:24.119,1.34956,1.34994,1.50,1.50
2011.05.16 07:28:24.235,1.34954,1.34994,1.50,1.50
2011.05.16 07:28:24.346,1.34951,1.34994,1.50,2.25
2011.05.16 07:28:26.706,1.34954,1.34997,1.50,1.13
2011.05.16 07:28:27.210,1.34956,1.34997,1.50,1.13
2011.05.16 07:28:30.725,1.3496,1.34996,2.78,1.13
2011.05.16 07:28:30.843,1.34949,1.34994,3.53,1.50
2011.05.16 07:28:30.959,1.34947,1.34994,3.53,1.50
2011.05.16 07:28:31.298,1.34945,1.34989,3.71,1.50
2011.05.16 07:28:31.415,1.34945,1.34985,3.71,1.50
2011.05.16 07:28:31.638,1.34935,1.34983,1.68,3.00
2011.05.16 07:28:31.758,1.34935,1.34983,1.50,1.50
2011.05.16 07:28:31.987,1.34936,1.34985,2.25,2.40
2011.05.16 07:28:32.316,1.34936,1.34983,2.25,1.50
2011.05.16 07:28:32.538,1.34936,1.34985,2.25,1.50
2011.05.16 07:28:32.657,1.34937,1.34984,3.71,1.50
2011.05.16 07:28:32.875,1.34936,1.34984,2.43,1.50
2011.05.16 07:28:33.207,1.34936,1.34985,2.43,6.90
2011.05.16 07:28:33.327,1.34939,1.34987,1.50,1.50
2011.05.16 07:28:33.963,1.34946,1.34991,1.50,1.13
2011.05.16 07:28:34.084,1.34944,1.34989,3.53,1.50
2011.05.16 07:28:35.988,1.34946,1.34991,1.50,1.13
2011.05.16 07:28:36.326,1.34947,1.34991,3.53,1.13
2011.05.16 07:28:36.657,1.34947,1.34991,2.25,1.13
2011.05.16 07:28:42.436,1.34947,1.34988,2.25,1.50
2011.05.16 07:28:42.545,1.34936,1.34983,2.43,1.50
2011.05.16 07:28:44.086,1.34938,1.34987,1.50,2.40
2011.05.16 07:28:47.586,1.34937,1.34983,3.71,1.50
2011.05.16 07:28:47.696,1.34936,1.34985,2.43,1.50
2011.05.16 07:28:48.566,1.34939,1.34988,3.53,1.50
2011.05.16 07:28:55.325,1.34946,1.34991,1.50,1.35
2011.05.16 07:29:14.018,1.34951,1.34991,1.50,1.35
2011.05.16 07:29:14.246,1.34951,1.34994,1.50,1.13
2011.05.16 07:29:20.665,1.34949,1.34994,1.50,1.13
2011.05.16 07:29:20.997,1.34947,1.34994,3.90,1.13
2011.05.16 07:29:27.307,1.34947,1.34989,3.00,1.35
2011.05.16 07:29:27.746,1.34941,1.34989,1.50,1.50
2011.05.16 07:29:27.859,1.34943,1.34993,1.50,3.00
2011.05.16 07:29:28.216,1.34937,1.3499,3.53,1.35
2011.05.16 07:29:28.768,1.34943,1.34992,1.50,1.35
2011.05.16 07:29:29.257,1.34952,1.34994,1.50,1.13
2011.05.16 07:29:29.585,1.34956,1.34998,1.50,1.13
2011.05.16 07:29:30.776,1.34961,1.34999,1.50,1.50
2011.05.16 07:29:31.656,1.34956,1.34995,2.25,1.13
2011.05.16 07:29:31.766,1.34956,1.34995,2.25,1.88
2011.05.16 07:29:32.994,1.34947,1.34994,2.25,1.13
2011.05.16 07:29:38.035,1.34947,1.34999,2.25,3.53
2011.05.16 07:29:38.256,1.34953,1.34999,1.50,2.78
2011.05.16 07:29:38.366,1.34953,1.35002,1.50,1.35
2011.05.16 07:29:38.475,1.34953,1.35003,1.50,2.25
2011.05.16 07:29:39.243,1.34953,1.35003,1.50,3.00
2011.05.16 07:29:40.884,1.34948,1.34996,1.50,1.50
2011.05.16 07:29:41.215,1.34954,1.35003,1.50,2.25
2011.05.16 07:29:41.687,1.34954,1.35003,1.50,2.25
2011.05.16 07:29:43.015,1.34954,1.35002,1.50,1.50
2011.05.16 07:29:43.234,1.34954,1.35003,1.50,3.00
2011.05.16 07:29:45.046,1.34947,1.35003,3.00,3.00
2011.05.16 07:29:45.377,1.34947,1.34997,3.00,1.50
2011.05.16 07:29:45.486,1.34946,1.34994,1.88,2.25
2011.05.16 07:29:45.925,1.34948,1.34994,1.50,1.50
2011.05.16 07:29:46.034,1.34948,1.34994,1.50,1.50
2011.05.16 07:29:46.691,1.34948,1.35003,1.50,1.50
2011.05.16 07:29:47.754,1.34954,1.35003,1.50,1.50
2011.05.16 07:29:48.684,1.34954,1.35004,1.50,3.00
2011.05.16 07:29:48.795,1.34954,1.35002,1.50,1.50
2011.05.16 07:29:52.554,1.34954,1.35,1.50,1.35
2011.05.16 07:29:53.025,1.34954,1.34997,1.50,1.35
2011.05.16 07:29:54.503,1.34954,1.34999,1.50,1.35
2011.05.16 07:30:02.625,1.34953,1.34996,1.50,1.50
2011.05.16 07:30:03.726,1.34946,1.34994,3.00,1.50
2011.05.16 07:30:04.056,1.34946,1.34986,3.90,1.50
2011.05.16 07:30:04.511,1.34946,1.34985,2.25,3.53
2011.05.16 07:30:05.396,1.34943,1.34985,1.13,1.50
2011.05.16 07:30:05.507,1.34943,1.34977,1.13,4.50
2011.05.16 07:30:05.838,1.34919,1.34965,2.06,2.40
2011.05.16 07:30:05.956,1.34919,1.34965,2.06,2.40
2011.05.16 07:30:06.065,1.34919,1.34965,2.81,1.65
2011.05.16 07:30:06.176,1.34919,1.34973,2.81,2.25
2011.05.16 07:30:11.380,1.34923,1.34964,1.50,1.50
2011.05.16 07:30:11.610,1.34932,1.3498,1.50,3.90
2011.05.16 07:30:14.185,1.34942,1.3498,1.50,1.13
2011.05.16 07:30:14.300,1.34939,1.3498,2.40,1.13
2011.05.16 07:30:14.638,1.34942,1.3498,1.50,1.13
2011.05.16 07:30:15.844,1.34945,1.34994,1.50,2.25
2011.05.16 07:30:16.064,1.34945,1.34994,1.50,1.50
2011.05.16 07:30:17.476,1.34945,1.34994,1.50,1.50
2011.05.16 07:30:17.809,1.34938,1.34991,3.71,2.40
2011.05.16 07:30:18.037,1.34946,1.34991,1.50,2.40
2011.05.16 07:30:18.365,1.34954,1.34994,1.50,2.25
2011.05.16 07:30:18.478,1.34952,1.34994,2.40,2.25
2011.05.16 07:30:18.771,1.3495,1.34994,1.50,2.25
2011.05.16 07:30:19.108,1.34955,1.35004,1.50,3.00
2011.05.16 07:30:19.665,1.34957,1.35004,1.50,2.25
2011.05.16 07:30:19.997,1.34957,1.35004,1.50,2.25
2011.05.16 07:30:21.952,1.34963,1.35004,1.50,2.25
2011.05.16 07:30:22.071,1.3496,1.35003,3.53,1.50
2011.05.16 07:30:22.557,1.34955,1.34994,3.53,1.50
2011.05.16 07:30:22.948,1.34947,1.34994,2.43,1.50
2011.05.16 07:30:24.274,1.34947,1.34994,1.68,1.50
2011.05.16 07:30:27.451,1.34948,1.34998,1.68,1.50
2011.05.16 07:30:27.785,1.34952,1.35,1.50,1.50
2011.05.16 07:30:37.863,1.34952,1.35,1.50,1.50
2011.05.16 07:30:38.195,1.34952,1.35,1.50,1.50
2011.05.16 07:30:38.527,1.34948,1.35,1.68,3.15
2011.05.16 07:30:38.746,1.34946,1.34998,3.00,1.50
2011.05.16 07:30:38.967,1.34942,1.34994,1.31,2.25
2011.05.16 07:30:39.297,1.34942,1.34988,1.13,1.50
2011.05.16 07:30:41.825,1.34943,1.34987,1.13,2.40
2011.05.16 07:30:42.046,1.34942,1.34987,1.13,2.40
2011.05.16 07:30:42.156,1.34942,1.3499,1.13,4.50
2011.05.16 07:30:42.266,1.34942,1.34988,1.13,1.50
2011.05.16 07:30:42.486,1.34939,1.34988,1.50,2.40
2011.05.16 07:30:43.041,1.34946,1.34994,1.50,3.00
2011.05.16 07:30:44.432,1.34965,1.34999,1.50,2.78
2011.05.16 07:30:45.095,1.34959,1.35005,3.71,1.50
2011.05.16 07:30:48.297,1.34958,1.35004,4.28,1.50
2011.05.16 07:30:50.049,1.34966,1.35004,3.00,1.50
2011.05.16 07:30:50.166,1.34968,1.35016,1.50,2.10
2011.05.16 07:30:57.185,1.34966,1.35011,2.25,1.50
2011.05.16 07:30:57.518,1.34957,1.35006,2.25,1.50
2011.05.16 07:30:57.747,1.34957,1.35002,2.25,1.50
2011.05.16 07:30:57.972,1.34957,1.35001,2.25,1.50
2011.05.16 07:30:58.416,1.34955,1.34993,3.53,1.50
2011.05.16 07:30:58.636,1.34964,1.35004,1.50,2.25
2011.05.16 07:30:58.856,1.34967,1.35014,1.50,2.25
2011.05.16 07:31:01.547,1.34967,1.3501,2.25,1.50
2011.05.16 07:31:02.434,1.34962,1.35008,1.50,1.35
2011.05.16 07:31:04.144,1.3496,1.34985,3.53,4.50
2011.05.16 07:31:04.256,1.34955,1.34982,1.65,2.25
2011.05.16 07:31:04.476,1.34928,1.34976,1.50,1.35
2011.05.16 07:31:04.585,1.34925,1.34973,3.53,2.40
2011.05.16 07:31:04.805,1.34924,1.34972,1.13,1.50
2011.05.16 07:31:05.025,1.34924,1.34968,1.13,5.10
2011.05.16 07:31:05.355,1.34928,1.3497,1.50,3.38
2011.05.16 07:31:05.905,1.34928,1.34974,1.50,2.10
2011.05.16 07:31:06.015,1.34929,1.34974,1.68,1.50
2011.05.16 07:31:07.225,1.34929,1.34976,1.68,1.50
2011.05.16 07:31:09.966,1.34935,1.34978,1.50,1.50
2011.05.16 07:31:10.076,1.34932,1.34978,1.50,1.50
2011.05.16 07:31:10.297,1.34927,1.34975,2.25,1.50
2011.05.16 07:31:10.518,1.34927,1.34973,2.25,1.50
2011.05.16 07:31:10.856,1.34937,1.34979,1.50,1.50
2011.05.16 07:31:11.184,1.34937,1.34972,1.50,1.50
2011.05.16 07:31:12.987,1.34927,1.34972,2.25,1.50
2011.05.16 07:31:13.328,1.34932,1.34978,1.50,2.40
2011.05.16 07:31:13.665,1.34942,1.34985,1.65,1.13
2011.05.16 07:31:13.996,1.34942,1.34982,2.96,1.50
2011.05.16 07:31:14.106,1.34944,1.34982,2.78,1.50
2011.05.16 07:31:14.215,1.34938,1.34982,3.53,1.50
2011.05.16 07:31:14.325,1.34939,1.34985,1.50,1.13
2011.05.16 07:31:18.645,1.34937,1.34985,2.25,1.13
2011.05.16 07:31:19.704,1.34937,1.3498,1.50,1.50
2011.05.16 07:31:19.815,1.34933,1.3498,3.53,1.50
2011.05.16 07:31:20.364,1.34928,1.34975,3.53,1.50
2011.05.16 07:31:20.695,1.34927,1.34971,2.25,1.50
2011.05.16 07:31:24.225,1.34931,1.34974,1.50,1.50
2011.05.16 07:31:26.436,1.34927,1.3496,2.25,1.35
2011.05.16 07:31:26.546,1.34922,1.34958,1.50,1.50
2011.05.16 07:31:26.656,1.34923,1.34962,4.50,2.40
2011.05.16 07:31:26.766,1.34928,1.34962,1.50,1.65
2011.05.16 07:31:27.206,1.34926,1.34962,1.65,1.35
2011.05.16 07:31:27.315,1.34916,1.34962,2.63,1.35
2011.05.16 07:31:27.427,1.34916,1.34957,1.88,1.50
2011.05.16 07:31:27.975,1.34916,1.34955,1.88,1.50
2011.05.16 07:31:28.528,1.34916,1.34959,1.88,1.50
2011.05.16 07:31:28.878,1.34916,1.34964,2.63,1.50
2011.05.16 07:31:29.325,1.34916,1.34964,1.88,2.25
2011.05.16 07:31:29.547,1.34916,1.34964,2.63,1.50
2011.05.16 07:31:29.655,1.34918,1.34963,1.65,1.50
2011.05.16 07:31:29.766,1.34916,1.34963,1.88,1.50
2011.05.16 07:31:37.446,1.34909,1.34955,4.13,1.50
2011.05.16 07:31:37.777,1.34912,1.34958,1.68,1.50
2011.05.16 07:31:38.118,1.34931,1.34971,1.50,2.40
2011.05.16 07:31:38.235,1.34928,1.34973,3.33,1.88
2011.05.16 07:31:38.345,1.34928,1.34973,5.18,1.88
2011.05.16 07:31:38.565,1.34928,1.34973,3.53,1.88
2011.05.16 07:31:40.396,1.34927,1.34969,2.25,1.50
2011.05.16 07:31:40.506,1.34927,1.34967,1.50,1.50
2011.05.16 07:31:42.201,1.34927,1.34967,1.50,1.50
2011.05.16 07:31:43.755,1.34936,1.34967,1.50,1.50
2011.05.16 07:31:44.086,1.34957,1.34979,1.50,1.13
2011.05.16 07:31:45.624,1.34957,1.34979,1.50,1.13
2011.05.16 07:31:45.956,1.34957,1.3498,1.50,1.13
2011.05.16 07:31:46.177,1.34957,1.34979,1.50,1.13
2011.05.16 07:31:48.037,1.34957,1.34981,1.50,1.13
2011.05.16 07:31:48.145,1.34957,1.35,1.50,1.88
2011.05.16 07:31:49.134,1.34957,1.34998,1.50,2.40
2011.05.16 07:31:50.155,1.34957,1.34995,2.25,3.53
2011.05.16 07:31:50.269,1.34956,1.34998,6.00,2.40
2011.05.16 07:31:50.386,1.34959,1.35,1.65,1.50
2011.05.16 07:31:50.498,1.34959,1.35,1.65,1.50
2011.05.16 07:31:50.837,1.34956,1.34994,1.50,1.50
2011.05.16 07:31:50.948,1.34956,1.34994,1.50,1.50
2011.05.16 07:31:51.174,1.34947,1.34994,1.50,1.50
2011.05.16 07:31:51.506,1.34947,1.34994,1.50,1.50
2011.05.16 07:31:54.358,1.34937,1.34982,1.50,1.50
2011.05.16 07:31:55.784,1.34927,1.3497,1.50,3.53
2011.05.16 07:31:56.114,1.34927,1.34969,1.50,3.53
2011.05.16 07:31:56.745,1.34936,1.34969,1.50,3.53
2011.05.16 07:31:57.427,1.34927,1.34968,1.88,3.53
2011.05.16 07:31:58.277,1.34927,1.34965,1.13,2.78
2011.05.16 07:31:58.388,1.34926,1.34965,1.88,3.53
2011.05.16 07:31:59.065,1.34926,1.34965,1.88,3.53
2011.05.16 07:31:59.896,1.34926,1.34965,1.88,3.53
2011.05.16 07:32:00.336,1.34925,1.34961,1.13,2.78
2011.05.16 07:32:00.666,1.34917,1.34955,2.25,2.78
2011.05.16 07:32:00.998,1.34917,1.34952,2.25,2.78
2011.05.16 07:32:01.224,1.34917,1.34952,2.25,2.78
2011.05.16 07:32:03.029,1.34917,1.34945,1.50,2.78
2011.05.16 07:32:03.367,1.34907,1.34941,2.25,2.78
2011.05.16 07:32:03.586,1.34909,1.34945,1.50,2.78
2011.05.16 07:32:03.697,1.34903,1.34951,3.15,1.50
2011.05.16 07:32:03.915,1.34904,1.34943,2.40,2.78
2011.05.16 07:32:04.246,1.34907,1.34941,1.50,2.78
2011.05.16 07:32:05.422,1.34907,1.34941,2.25,2.78
2011.05.16 07:32:05.865,1.34907,1.34942,3.00,2.78
2011.05.16 07:32:05.979,1.34907,1.34949,3.00,2.78
2011.05.16 07:32:06.095,1.34913,1.34952,1.50,5.55
2011.05.16 07:32:06.206,1.34919,1.34952,1.50,2.78
2011.05.16 07:32:06.316,1.34919,1.34961,1.50,5.18
2011.05.16 07:32:06.536,1.34927,1.34961,1.50,5.18
2011.05.16 07:32:10.520,1.34937,1.34962,1.50,3.53
2011.05.16 07:32:10.642,1.34937,1.34969,1.50,3.90
2011.05.16 07:32:10.757,1.34923,1.34966,1.50,3.53
2011.05.16 07:32:10.878,1.34916,1.34962,2.25,2.40
2011.05.16 07:32:10.996,1.34916,1.3496,2.25,1.50
2011.05.16 07:32:13.133,1.34916,1.34957,2.25,1.50
2011.05.16 07:32:13.466,1.34892,1.34921,1.35,2.40
2011.05.16 07:32:13.795,1.34897,1.34945,2.25,3.15
2011.05.16 07:32:13.905,1.34897,1.34945,2.25,3.15
2011.05.16 07:32:14.016,1.34887,1.34941,6.15,1.50
2011.05.16 07:32:15.694,1.34889,1.34939,1.35,4.50
2011.05.16 07:32:16.371,1.34888,1.34941,1.50,4.28
2011.05.16 07:32:16.596,1.34895,1.34943,1.50,2.25
2011.05.16 07:32:16.818,1.34887,1.34941,3.38,1.50
2011.05.16 07:32:18.126,1.34894,1.34942,1.50,1.50
2011.05.16 07:32:20.867,1.34897,1.34941,2.25,1.50
2011.05.16 07:32:21.864,1.34897,1.3494,2.25,4.50
2011.05.16 07:32:22.085,1.34888,1.34941,1.50,1.50
2011.05.16 07:32:22.854,1.3489,1.34941,1.50,1.50
2011.05.16 07:32:23.407,1.34886,1.34937,2.25,4.50
2011.05.16 07:32:26.986,1.34885,1.34931,1.50,1.65
2011.05.16 07:32:27.095,1.34886,1.34933,3.53,1.50
2011.05.16 07:32:27.755,1.34892,1.34941,1.50,1.50
2011.05.16 07:32:28.564,1.34892,1.34941,1.50,1.50
2011.05.16 07:32:28.674,1.34889,1.34939,3.53,1.50
2011.05.16 07:32:29.005,1.34891,1.3494,1.50,1.50
2011.05.16 07:32:29.225,1.34886,1.34936,2.25,2.40
2011.05.16 07:32:29.815,1.34882,1.34933,3.53,3.00
2011.05.16 07:32:31.394,1.3488,1.3493,1.13,2.40
2011.05.16 07:32:31.725,1.3488,1.3493,1.13,2.40
2011.05.16 07:32:32.866,1.34877,1.34929,2.25,3.15
2011.05.16 07:32:33.194,1.34877,1.34929,2.25,3.15
2011.05.16 07:32:33.524,1.34877,1.34929,2.25,3.15
2011.05.16 07:32:33.855,1.34877,1.34929,3.00,1.50
2011.05.16 07:32:44.226,1.34877,1.34929,3.00,1.50
2011.05.16 07:32:45.007,1.34877,1.34928,2.25,5.25
2011.05.16 07:32:45.446,1.34868,1.34922,1.13,4.50
2011.05.16 07:32:47.755,1.34871,1.34922,1.50,3.53
2011.05.16 07:32:49.967,1.34876,1.34927,2.25,3.53
2011.05.16 07:32:50.188,1.34879,1.34929,1.50,1.50
2011.05.16 07:32:50.305,1.34887,1.3493,1.50,3.53
2011.05.16 07:32:50.856,1.34887,1.34936,3.00,1.50
2011.05.16 07:32:51.516,1.34887,1.34937,3.00,1.88
2011.05.16 07:32:54.011,1.34887,1.34936,3.00,1.50
2011.05.16 07:33:02.838,1.34887,1.34933,2.25,1.50
2011.05.16 07:33:03.398,1.34887,1.34928,2.25,1.50
2011.05.16 07:33:03.519,1.34876,1.34928,2.25,1.50
2011.05.16 07:33:03.639,1.34876,1.34927,2.25,2.40
2011.05.16 07:33:04.125,1.34876,1.34924,2.25,4.28
2011.05.16 07:33:04.675,1.34876,1.34925,2.25,1.50
2011.05.16 07:33:09.539,1.34878,1.34927,1.50,1.50
2011.05.16 07:33:09.657,1.34885,1.34932,1.50,1.35
2011.05.16 07:33:09.955,1.34886,1.34933,2.25,2.10
2011.05.16 07:33:14.935,1.34886,1.34933,2.25,1.35
