2011.05.30 07:00:02.133,1.30659,1.30708,1.50,1.50
2011.05.30 07:00:02.691,1.30661,1.30713,1.50,2.25
2011.05.30 07:00:03.789,1.30663,1.30713,1.50,2.25
2011.05.30 07:00:04.231,1.30666,1.30718,2.25,1.50
2011.05.30 07:00:04.563,1.30671,1.30724,1.50,2.25
2011.05.30 07:00:04.901,1.30671,1.30724,1.50,2.25
2011.05.30 07:00:06.480,1.30669,1.30724,1.50,2.25
2011.05.30 07:00:07.033,1.30669,1.30724,1.50,2.25
2011.05.30 07:00:07.661,1.30669,1.30724,1.50,2.25
2011.05.30 07:00:08.365,1.30674,1.30724,1.50,2.25
2011.05.30 07:00:08.701,1.30677,1.30733,2.25,3.00
2011.05.30 07:00:08.811,1.30677,1.30733,1.50,3.00
2011.05.30 07:00:10.730,1.30677,1.30733,1.50,5.25
2011.05.30 07:00:11.601,1.30677,1.30733,1.50,6.00
2011.05.30 07:00:14.567,1.30667,1.30723,2.25,1.50
2011.05.30 07:00:14.792,1.30666,1.30722,3.00,1.50
2011.05.30 07:00:15.123,1.30666,1.30717,1.50,1.35
2011.05.30 07:00:15.680,1.30666,1.30712,1.50,3.00
2011.05.30 07:00:20.041,1.30666,1.30717,2.25,1.35
2011.05.30 07:00:20.261,1.30666,1.30719,2.25,1.50
2011.05.30 07:00:20.480,1.30663,1.30714,1.50,1.50
2011.05.30 07:00:31.401,1.30658,1.30714,1.50,1.50
2011.05.30 07:00:32.026,1.30658,1.30711,1.50,1.73
2011.05.30 07:00:33.335,1.30661,1.30711,1.50,1.73
2011.05.30 07:00:33.671,1.30666,1.30714,1.50,1.50
2011.05.30 07:00:33.780,1.30666,1.30714,1.50,1.50
2011.05.30 07:00:33.889,1.30667,1.30722,2.25,1.50
2011.05.30 07:00:40.950,1.30667,1.30722,1.50,1.50
2011.05.30 07:00:41.499,1.30667,1.30722,2.25,1.50
2011.05.30 07:00:42.603,1.30668,1.30723,1.50,2.25
2011.05.30 07:00:43.163,1.30667,1.30718,1.50,1.50
2011.05.30 07:00:43.389,1.30661,1.30713,1.50,2.25
2011.05.30 07:00:43.500,1.30661,1.30713,1.50,2.25
2011.05.30 07:00:43.938,1.30661,1.30713,1.50,2.25
2011.05.30 07:00:44.273,1.3066,1.30713,1.50,2.25
2011.05.30 07:00:44.610,1.30657,1.30713,2.25,3.98
2011.05.30 07:00:45.660,1.30657,1.30713,1.50,6.23
2011.05.30 07:00:50.640,1.30657,1.30713,3.00,2.25
2011.05.30 07:00:50.970,1.30666,1.30715,1.50,1.35
2011.05.30 07:00:52.475,1.30666,1.30718,1.50,1.50
2011.05.30 07:00:54.281,1.30658,1.30714,1.50,2.25
2011.05.30 07:01:04.705,1.30663,1.30714,1.50,2.25
2011.05.30 07:01:04.828,1.30667,1.30719,2.25,3.23
2011.05.30 07:01:06.048,1.30667,1.30723,2.25,2.25
2011.05.30 07:01:06.381,1.30667,1.30709,2.25,1.35
2011.05.30 07:01:06.493,1.30666,1.30715,1.50,3.00
2011.05.30 07:01:06.723,1.30677,1.3072,1.50,3.75
2011.05.30 07:01:06.841,1.30677,1.3072,1.50,3.75
2011.05.30 07:01:07.293,1.30648,1.30703,1.50,2.25
2011.05.30 07:01:07.412,1.30648,1.30703,1.50,3.00
2011.05.30 07:01:07.522,1.30646,1.30703,2.25,3.00
2011.05.30 07:01:07.853,1.30646,1.30703,2.25,3.00
2011.05.30 07:01:08.467,1.30646,1.30703,2.25,3.00
2011.05.30 07:01:08.692,1.30646,1.30703,2.25,3.00
2011.05.30 07:01:09.640,1.30646,1.30704,2.25,2.25
2011.05.30 07:01:10.241,1.30646,1.30702,2.25,3.00
2011.05.30 07:01:12.538,1.30648,1.30704,1.50,2.25
2011.05.30 07:01:12.764,1.30657,1.30705,1.50,2.48
2011.05.30 07:01:12.885,1.30657,1.30705,2.25,2.48
2011.05.30 07:01:13.223,1.30659,1.30713,1.50,2.25
2011.05.30 07:01:13.450,1.30659,1.30713,1.50,2.25
2011.05.30 07:01:14.514,1.30657,1.30713,3.00,2.25
2011.05.30 07:01:14.850,1.30657,1.30713,3.00,2.25
2011.05.30 07:01:18.871,1.30657,1.30711,2.25,2.48
2011.05.30 07:01:20.354,1.30657,1.30705,1.50,2.48
2011.05.30 07:01:21.081,1.30657,1.30713,1.50,3.98
2011.05.30 07:01:22.100,1.30657,1.30713,2.25,3.98
2011.05.30 07:01:22.544,1.30657,1.30712,2.25,2.48
2011.05.30 07:01:22.881,1.30657,1.30713,3.00,2.25
2011.05.30 07:01:23.322,1.30657,1.30712,1.50,2.48
2011.05.30 07:01:26.522,1.30657,1.3071,1.50,1.50
2011.05.30 07:01:26.632,1.30649,1.30704,1.50,2.25
2011.05.30 07:01:26.960,1.30649,1.30704,1.50,2.25
2011.05.30 07:01:28.240,1.30649,1.30704,1.50,2.25
2011.05.30 07:01:30.236,1.30649,1.30704,1.50,2.25
2011.05.30 07:01:30.772,1.30645,1.30698,1.71,1.50
2011.05.30 07:01:30.990,1.30641,1.30697,1.71,2.48
2011.05.30 07:01:31.621,1.30641,1.30694,1.71,2.25
2011.05.30 07:01:31.841,1.30644,1.30694,1.50,2.25
2011.05.30 07:01:33.923,1.30643,1.30694,1.50,2.25
2011.05.30 07:01:34.033,1.30643,1.30694,1.50,2.25
2011.05.30 07:01:34.810,1.30643,1.30694,1.50,2.25
2011.05.30 07:01:35.030,1.30643,1.30694,1.50,2.25
2011.05.30 07:01:37.040,1.30655,1.30703,1.50,2.25
2011.05.30 07:01:37.261,1.30659,1.30703,2.48,2.25
2011.05.30 07:01:37.607,1.3066,1.30713,1.50,2.25
2011.05.30 07:01:38.130,1.3066,1.30713,1.50,2.25
2011.05.30 07:01:38.241,1.3066,1.30713,1.50,2.25
2011.05.30 07:01:38.462,1.30657,1.30713,3.00,2.25
2011.05.30 07:01:39.885,1.30657,1.30713,2.25,2.25
2011.05.30 07:01:40.005,1.30657,1.30713,1.50,2.25
2011.05.30 07:01:40.343,1.30657,1.30703,1.50,2.48
2011.05.30 07:01:40.962,1.30649,1.30703,1.71,2.48
2011.05.30 07:01:41.196,1.30647,1.30703,1.71,2.48
2011.05.30 07:01:41.532,1.30646,1.30703,2.25,2.48
2011.05.30 07:01:42.480,1.30646,1.30703,2.25,4.73
2011.05.30 07:01:42.590,1.30646,1.30703,2.25,4.73
2011.05.30 07:01:44.651,1.30646,1.30703,2.25,2.48
2011.05.30 07:01:44.980,1.30647,1.30703,1.50,2.48
2011.05.30 07:01:48.159,1.30656,1.30707,3.00,3.00
2011.05.30 07:01:50.061,1.30659,1.30714,1.50,2.25
2011.05.30 07:01:50.391,1.30669,1.30714,1.50,2.25
2011.05.30 07:01:50.501,1.30669,1.30714,1.50,1.50
2011.05.30 07:01:50.720,1.30669,1.30723,1.50,2.25
2011.05.30 07:01:56.407,1.30667,1.30723,3.00,2.25
2011.05.30 07:01:56.854,1.30673,1.30723,1.50,2.25
2011.05.30 07:01:57.302,1.30672,1.30723,1.50,2.25
2011.05.30 07:01:57.521,1.30668,1.30723,2.48,2.25
2011.05.30 07:01:57.740,1.30662,1.30713,1.35,2.25
2011.05.30 07:01:57.964,1.30662,1.30691,1.35,2.25
2011.05.30 07:01:58.191,1.30657,1.30694,2.25,2.25
2011.05.30 07:01:58.302,1.30657,1.30704,2.25,1.50
2011.05.30 07:01:58.411,1.30657,1.30704,1.50,1.50
2011.05.30 07:01:58.524,1.30647,1.307,1.50,1.35
2011.05.30 07:01:58.860,1.30637,1.30693,2.25,2.25
2011.05.30 07:01:58.970,1.30646,1.307,1.50,3.08
2011.05.30 07:01:59.303,1.30636,1.3069,2.25,2.48
2011.05.30 07:01:59.975,1.30627,1.30683,3.98,2.25
2011.05.30 07:02:01.130,1.30636,1.30689,2.25,2.48
2011.05.30 07:02:05.171,1.30636,1.30684,2.25,2.48
2011.05.30 07:02:05.779,1.30636,1.30684,1.50,3.23
2011.05.30 07:02:06.372,1.30627,1.30683,2.25,2.25
2011.05.30 07:02:07.742,1.30637,1.30684,2.25,2.48
2011.05.30 07:02:08.071,1.30637,1.30693,2.25,2.25
2011.05.30 07:02:09.831,1.30637,1.30693,2.25,2.25
2011.05.30 07:02:10.491,1.30639,1.30693,1.50,2.25
2011.05.30 07:02:11.037,1.30642,1.30693,1.50,2.25
2011.05.30 07:02:11.976,1.30639,1.30693,1.50,2.25
2011.05.30 07:02:12.700,1.30639,1.30693,1.50,2.25
2011.05.30 07:02:14.437,1.30637,1.30693,3.00,2.25
2011.05.30 07:02:15.238,1.30637,1.30693,2.25,2.25
2011.05.30 07:02:25.489,1.30637,1.3069,1.50,2.48
2011.05.30 07:02:26.749,1.3064,1.30693,1.35,2.25
2011.05.30 07:02:26.860,1.30647,1.30703,1.50,2.25
2011.05.30 07:02:27.197,1.30647,1.30702,1.50,3.00
2011.05.30 07:02:29.038,1.30647,1.30703,1.50,3.98
2011.05.30 07:02:30.137,1.30647,1.30703,1.50,2.25
2011.05.30 07:02:31.167,1.30647,1.30703,1.50,3.98
2011.05.30 07:02:33.039,1.30638,1.30693,1.73,2.25
2011.05.30 07:02:33.588,1.30637,1.30693,1.50,2.25
2011.05.30 07:02:37.409,1.30645,1.30693,1.73,2.25
2011.05.30 07:02:37.737,1.30646,1.30704,2.25,2.25
2011.05.30 07:02:38.067,1.30646,1.30702,1.50,2.48
2011.05.30 07:02:39.478,1.30649,1.30702,1.35,2.48
2011.05.30 07:02:39.809,1.30667,1.30718,1.50,1.50
2011.05.30 07:02:39.919,1.30667,1.30721,2.25,1.50
2011.05.30 07:02:40.139,1.30676,1.30734,2.25,3.98
2011.05.30 07:02:40.357,1.30676,1.30734,2.25,3.98
2011.05.30 07:02:43.948,1.30676,1.30733,2.25,1.50
2011.05.30 07:02:47.339,1.30671,1.30724,1.73,2.25
2011.05.30 07:02:47.447,1.30666,1.30724,1.50,2.25
2011.05.30 07:02:47.556,1.30666,1.30724,1.50,2.25
2011.05.30 07:02:50.996,1.30666,1.30724,1.50,2.25
2011.05.30 07:03:00.518,1.30656,1.30714,1.50,1.50
2011.05.30 07:03:15.670,1.30656,1.30714,1.50,2.25
2011.05.30 07:03:16.178,1.30656,1.30714,1.50,1.50
2011.05.30 07:03:17.739,1.30656,1.30714,1.50,2.25
2011.05.30 07:03:18.290,1.30647,1.30703,1.50,2.48
2011.05.30 07:03:18.848,1.30646,1.30703,1.50,2.48
2011.05.30 07:03:19.409,1.30646,1.30703,2.25,2.48
2011.05.30 07:03:19.738,1.30646,1.30704,2.25,2.25
2011.05.30 07:03:20.304,1.30657,1.30708,1.50,3.23
2011.05.30 07:03:28.869,1.30647,1.30703,1.50,3.98
2011.05.30 07:03:29.309,1.30647,1.30703,1.50,3.98
2011.05.30 07:03:31.947,1.30647,1.30703,2.25,4.73
2011.05.30 07:03:38.358,1.30647,1.30703,1.50,4.73
2011.05.30 07:03:47.144,1.30646,1.30703,2.25,3.23
2011.05.30 07:03:59.908,1.30646,1.30701,2.25,1.50
2011.05.30 07:04:00.678,1.30646,1.30703,2.25,3.98
2011.05.30 07:04:03.512,1.30646,1.30703,2.25,3.98
2011.05.30 07:04:17.049,1.30646,1.30704,2.25,2.25
2011.05.30 07:04:18.087,1.30646,1.30704,2.25,2.25
2011.05.30 07:04:19.580,1.30646,1.30704,2.25,2.25
2011.05.30 07:04:21.438,1.30646,1.307,2.25,2.48
2011.05.30 07:04:21.657,1.30644,1.30693,2.48,1.50
2011.05.30 07:04:21.877,1.30647,1.30703,2.25,2.25
2011.05.30 07:04:30.248,1.30647,1.30703,2.25,2.25
2011.05.30 07:04:30.579,1.30647,1.30703,2.25,2.25
2011.05.30 07:04:44.849,1.30637,1.30693,2.25,2.25
2011.05.30 07:04:45.068,1.30639,1.30693,2.48,2.25
2011.05.30 07:04:45.288,1.30639,1.30693,2.48,2.25
2011.05.30 07:04:46.968,1.30639,1.30693,2.48,2.25
2011.05.30 07:05:02.047,1.30647,1.30702,2.25,2.48
2011.05.30 07:05:02.269,1.30647,1.30702,2.25,2.48
2011.05.30 07:05:02.979,1.30651,1.30703,2.48,3.00
2011.05.30 07:05:03.308,1.30656,1.30714,2.25,2.25
2011.05.30 07:05:03.641,1.30656,1.30714,2.25,2.25
2011.05.30 07:05:07.298,1.30656,1.30714,2.25,2.25
2011.05.30 07:05:20.906,1.30656,1.30714,2.25,2.25
2011.05.30 07:05:23.388,1.30656,1.30714,2.25,2.25
2011.05.30 07:05:23.718,1.30658,1.30714,1.50,2.25
2011.05.30 07:05:23.827,1.30667,1.30719,1.50,1.50
2011.05.30 07:05:24.739,1.30658,1.30713,1.50,2.25
2011.05.30 07:05:28.327,1.30661,1.30713,1.50,2.25
2011.05.30 07:05:32.647,1.30671,1.30713,1.50,1.50
2011.05.30 07:05:33.089,1.30674,1.30723,1.50,4.73
2011.05.30 07:05:33.419,1.30681,1.30723,1.50,1.50
2011.05.30 07:05:33.748,1.30685,1.30723,1.50,1.50
2011.05.30 07:05:36.418,1.30686,1.30733,1.50,2.25
2011.05.30 07:05:40.269,1.3069,1.30733,1.50,1.50
2011.05.30 07:05:40.488,1.3069,1.30733,1.50,2.25
2011.05.30 07:05:41.040,1.30691,1.30733,1.50,1.50
2011.05.30 07:05:41.591,1.30691,1.30743,1.50,2.25
2011.05.30 07:05:42.060,1.3069,1.30743,1.50,1.50
2011.05.30 07:05:43.162,1.30696,1.30743,1.50,1.50
2011.05.30 07:05:46.589,1.30696,1.30743,1.50,2.25
2011.05.30 07:05:50.809,1.30698,1.30743,1.50,1.50
2011.05.30 07:05:51.629,1.30698,1.30743,1.50,1.50
2011.05.30 07:05:56.758,1.30699,1.30743,1.50,2.25
2011.05.30 07:05:57.350,1.307,1.30743,1.50,1.50
2011.05.30 07:06:01.739,1.307,1.30752,1.88,2.48
2011.05.30 07:06:01.850,1.30713,1.30771,1.73,1.35
2011.05.30 07:06:01.959,1.30713,1.30771,2.48,1.73
2011.05.30 07:06:02.069,1.30713,1.30763,2.48,1.50
2011.05.30 07:06:02.178,1.30707,1.30763,2.25,1.50
2011.05.30 07:06:02.397,1.30707,1.30763,2.25,2.25
2011.05.30 07:06:04.287,1.30708,1.30763,2.46,1.50
2011.05.30 07:06:04.838,1.30717,1.30771,2.25,1.35
2011.05.30 07:06:05.762,1.30717,1.30771,2.25,1.35
2011.05.30 07:06:06.098,1.30717,1.30773,3.98,2.85
2011.05.30 07:06:06.318,1.30717,1.30773,3.98,2.25
2011.05.30 07:06:10.990,1.30717,1.30773,4.93,2.25
2011.05.30 07:06:13.738,1.30717,1.30773,4.93,2.25
2011.05.30 07:06:14.606,1.30717,1.3076,4.93,1.50
2011.05.30 07:06:17.858,1.30717,1.30766,4.73,1.88
2011.05.30 07:06:18.077,1.30717,1.30773,4.73,2.25
2011.05.30 07:06:27.141,1.30717,1.30773,2.25,2.25
2011.05.30 07:06:27.700,1.30717,1.30773,2.25,2.25
2011.05.30 07:06:28.048,1.30717,1.3076,2.25,1.50
2011.05.30 07:06:30.625,1.30711,1.30757,1.71,1.50
2011.05.30 07:06:31.069,1.30711,1.30761,1.71,1.50
2011.05.30 07:06:33.592,1.30712,1.30761,4.18,1.50
2011.05.30 07:06:39.350,1.30717,1.30757,2.25,1.50
2011.05.30 07:06:39.987,1.30717,1.3076,2.25,1.50
2011.05.30 07:06:43.879,1.30717,1.30756,2.25,1.50
2011.05.30 07:06:52.419,1.30717,1.3076,2.25,1.50
2011.05.30 07:06:56.539,1.30717,1.3076,2.25,1.50
2011.05.30 07:06:59.968,1.30716,1.30756,2.25,1.50
2011.05.30 07:07:00.188,1.30716,1.30761,2.25,1.50
2011.05.30 07:07:00.797,1.3072,1.30762,2.48,1.50
2011.05.30 07:07:01.240,1.30724,1.30762,1.35,1.50
2011.05.30 07:07:01.569,1.30732,1.30767,1.73,1.95
2011.05.30 07:07:01.898,1.30737,1.30767,1.50,1.95
2011.05.30 07:07:02.010,1.30729,1.30767,1.71,1.95
2011.05.30 07:07:02.668,1.30729,1.30767,1.71,1.95
2011.05.30 07:07:02.999,1.30736,1.30767,1.50,1.95
2011.05.30 07:07:03.328,1.30738,1.30767,1.73,1.95
2011.05.30 07:07:08.633,1.30736,1.30767,3.23,1.95
2011.05.30 07:07:09.080,1.30729,1.30766,2.68,1.50
2011.05.30 07:07:11.445,1.3072,1.30762,2.31,1.50
2011.05.30 07:07:11.679,1.30722,1.30765,2.48,1.50
2011.05.30 07:07:12.779,1.30731,1.30765,1.73,1.50
2011.05.30 07:07:13.459,1.30727,1.30766,2.46,1.58
2011.05.30 07:07:14.010,1.30728,1.30763,1.73,1.50
2011.05.30 07:07:14.559,1.30728,1.30766,2.48,2.85
2011.05.30 07:07:14.779,1.30727,1.30763,1.71,1.50
2011.05.30 07:07:15.580,1.30728,1.30766,2.48,2.85
2011.05.30 07:07:16.129,1.30729,1.30766,2.33,3.60
2011.05.30 07:07:17.339,1.30735,1.30766,1.73,2.85
2011.05.30 07:07:17.669,1.30735,1.30766,2.68,2.85
2011.05.30 07:07:24.879,1.30736,1.30766,1.73,2.85
2011.05.30 07:07:25.672,1.30735,1.30766,1.73,2.85
2011.05.30 07:07:29.589,1.30729,1.30766,1.56,2.85
2011.05.30 07:07:30.348,1.30727,1.30766,2.48,2.85
2011.05.30 07:07:31.120,1.30728,1.30766,1.73,2.85
2011.05.30 07:07:31.562,1.3072,1.30759,3.08,1.50
2011.05.30 07:07:32.244,1.30717,1.30757,1.50,1.50
2011.05.30 07:07:33.190,1.30717,1.30755,1.50,1.35
2011.05.30 07:07:33.737,1.30707,1.30755,2.25,1.35
2011.05.30 07:07:35.439,1.30716,1.30757,1.50,1.50
2011.05.30 07:07:38.110,1.30716,1.30757,3.98,1.50
2011.05.30 07:07:38.231,1.30727,1.30757,1.73,1.50
2011.05.30 07:07:44.601,1.30721,1.30757,1.73,1.50
2011.05.30 07:07:46.987,1.30727,1.30757,1.73,1.50
2011.05.30 07:07:47.907,1.30721,1.30757,1.73,1.50
2011.05.30 07:07:48.241,1.30721,1.30757,1.73,1.50
2011.05.30 07:07:49.128,1.30725,1.30757,1.73,1.50
2011.05.30 07:07:49.898,1.30727,1.30757,1.73,1.50
2011.05.30 07:07:50.118,1.3072,1.30757,1.73,1.50
2011.05.30 07:07:50.340,1.30754,1.30769,3.75,1.50
2011.05.30 07:07:50.449,1.30716,1.30757,1.50,1.50
2011.05.30 07:07:50.558,1.30716,1.30767,2.25,1.11
2011.05.30 07:07:50.669,1.30781,1.30852,2.25,1.50
2011.05.30 07:07:50.889,1.30776,1.3085,1.50,1.50
2011.05.30 07:07:50.998,1.30774,1.30844,3.00,2.25
2011.05.30 07:07:51.108,1.30772,1.30844,3.00,2.25
2011.05.30 07:07:53.939,1.30783,1.30834,3.00,2.25
2011.05.30 07:07:54.378,1.30783,1.30834,3.00,3.00
2011.05.30 07:07:57.371,1.30783,1.30826,3.00,1.50
2011.05.30 07:07:57.708,1.30767,1.30809,1.50,3.00
2011.05.30 07:07:58.452,1.30767,1.30809,1.50,3.00
2011.05.30 07:07:59.421,1.30757,1.30809,1.50,3.00
2011.05.30 07:08:01.838,1.30747,1.30803,2.25,2.25
2011.05.30 07:08:02.558,1.30747,1.30803,2.25,2.25
2011.05.30 07:08:03.486,1.30757,1.30809,1.50,3.00
2011.05.30 07:08:03.820,1.30757,1.30809,1.50,3.00
2011.05.30 07:08:04.150,1.30757,1.30813,2.25,2.25
2011.05.30 07:08:04.590,1.30756,1.30814,2.25,2.25
2011.05.30 07:08:04.708,1.30756,1.30814,2.25,2.25
2011.05.30 07:08:05.440,1.30756,1.30814,2.25,2.25
2011.05.30 07:08:09.388,1.30756,1.30792,2.25,2.25
2011.05.30 07:08:09.718,1.30726,1.30789,2.46,1.50
2011.05.30 07:08:09.829,1.30726,1.30783,2.46,3.00
2011.05.30 07:08:14.299,1.30726,1.30781,2.25,3.00
2011.05.30 07:08:14.630,1.30726,1.3078,2.25,1.50
2011.05.30 07:08:18.149,1.30726,1.30768,2.25,1.50
2011.05.30 07:08:18.260,1.3072,1.30767,2.48,1.50
2011.05.30 07:08:20.251,1.30713,1.30764,2.48,1.50
2011.05.30 07:08:20.589,1.30724,1.30764,2.48,1.50
2011.05.30 07:08:20.808,1.30724,1.30773,2.48,2.25
2011.05.30 07:08:21.031,1.30724,1.30773,2.48,1.50
2011.05.30 07:08:24.429,1.30732,1.30773,2.48,2.25
2011.05.30 07:08:24.649,1.30717,1.30772,3.98,1.50
2011.05.30 07:08:24.761,1.30725,1.30773,1.35,1.50
2011.05.30 07:08:25.319,1.30732,1.30783,3.08,1.50
2011.05.30 07:08:25.761,1.30732,1.30783,2.48,2.25
2011.05.30 07:08:26.101,1.3074,1.30783,1.35,1.50
2011.05.30 07:08:26.221,1.30736,1.30783,2.48,1.50
2011.05.30 07:08:29.427,1.30736,1.30783,1.73,2.25
2011.05.30 07:08:31.560,1.30736,1.30783,1.73,3.00
2011.05.30 07:08:31.782,1.30736,1.30782,2.25,1.50
2011.05.30 07:08:32.010,1.30746,1.30782,1.73,1.50
2011.05.30 07:08:32.338,1.30745,1.30782,1.73,1.50
2011.05.30 07:08:32.559,1.30745,1.30782,1.73,1.50
2011.05.30 07:08:33.618,1.30753,1.30782,1.73,1.50
2011.05.30 07:08:34.170,1.30753,1.30782,1.73,1.50
2011.05.30 07:08:34.281,1.30763,1.30782,1.73,1.50
2011.05.30 07:08:35.429,1.30756,1.30782,1.73,1.50
2011.05.30 07:08:37.332,1.30751,1.30782,1.73,1.50
2011.05.30 07:08:37.672,1.30751,1.30782,1.73,1.50
2011.05.30 07:08:37.900,1.30745,1.30782,2.68,1.50
2011.05.30 07:08:38.011,1.30745,1.30782,1.93,1.50
2011.05.30 07:08:38.463,1.30751,1.30782,2.48,1.50
2011.05.30 07:08:38.582,1.30751,1.30782,2.48,1.50
2011.05.30 07:08:38.700,1.30756,1.30782,1.73,1.50
2011.05.30 07:08:38.810,1.30754,1.30782,1.73,1.50
2011.05.30 07:08:41.951,1.30754,1.30783,2.48,1.50
2011.05.30 07:08:42.072,1.3076,1.30783,1.73,1.50
2011.05.30 07:08:42.959,1.30753,1.30783,2.68,1.50
2011.05.30 07:08:43.398,1.30753,1.30782,1.73,1.50
2011.05.30 07:08:44.712,1.30753,1.30782,1.73,1.50
2011.05.30 07:08:45.355,1.3076,1.30782,1.73,1.50
2011.05.30 07:08:46.822,1.3076,1.30782,2.48,1.50
2011.05.30 07:08:47.159,1.30766,1.30782,1.73,1.50
2011.05.30 07:08:47.837,1.30766,1.30782,1.73,1.50
2011.05.30 07:08:48.430,1.30799,1.30814,1.50,2.48
2011.05.30 07:08:48.540,1.30799,1.30831,1.50,1.73
2011.05.30 07:08:48.650,1.30793,1.30831,1.50,2.48
2011.05.30 07:08:48.982,1.30826,1.30853,2.25,1.50
2011.05.30 07:08:49.100,1.30807,1.30854,2.48,1.50
2011.05.30 07:08:49.209,1.30836,1.30854,3.00,1.50
2011.05.30 07:08:49.320,1.30845,1.30883,1.50,2.25
2011.05.30 07:08:49.540,1.30858,1.30893,2.25,2.25
2011.05.30 07:08:49.869,1.30858,1.30883,2.25,2.25
2011.05.30 07:08:50.199,1.30858,1.30874,2.25,1.50
2011.05.30 07:08:50.528,1.30858,1.30893,2.25,2.25
2011.05.30 07:08:51.503,1.30857,1.30884,2.25,2.25
2011.05.30 07:08:51.620,1.30839,1.30893,3.21,2.25
2011.05.30 07:08:52.064,1.30849,1.30883,2.25,2.25
2011.05.30 07:08:52.513,1.30849,1.30893,3.21,2.25
2011.05.30 07:08:52.738,1.30852,1.30893,2.46,2.25
2011.05.30 07:08:53.289,1.3085,1.30893,2.46,2.25
2011.05.30 07:08:57.220,1.30843,1.30884,3.21,2.25
2011.05.30 07:08:57.767,1.30842,1.30884,3.21,2.25
2011.05.30 07:08:57.878,1.30842,1.30884,3.21,2.25
2011.05.30 07:08:58.321,1.30841,1.30884,2.46,2.25
2011.05.30 07:08:58.549,1.30838,1.30873,2.46,1.50
2011.05.30 07:08:58.877,1.30835,1.30863,3.21,1.50
2011.05.30 07:08:59.428,1.30845,1.30863,2.25,1.50
2011.05.30 07:08:59.540,1.30845,1.30873,2.25,1.50
2011.05.30 07:08:59.648,1.30848,1.30873,2.25,1.50
2011.05.30 07:08:59.760,1.30848,1.30883,2.25,2.25
2011.05.30 07:09:00.318,1.30848,1.30894,2.25,2.25
2011.05.30 07:09:00.541,1.30839,1.30894,2.25,2.25
2011.05.30 07:09:01.460,1.30838,1.30874,2.46,1.50
2011.05.30 07:09:01.573,1.30836,1.30874,2.46,1.50
2011.05.30 07:09:02.128,1.30831,1.30874,2.25,1.50
2011.05.30 07:09:02.238,1.30833,1.30874,2.25,1.50
2011.05.30 07:09:02.518,1.3083,1.30874,2.46,1.50
2011.05.30 07:09:06.229,1.30833,1.30874,2.25,1.50
2011.05.30 07:09:06.559,1.30834,1.30874,3.21,1.50
2011.05.30 07:09:06.999,1.30839,1.30874,2.25,1.50
2011.05.30 07:09:07.328,1.30841,1.30874,2.25,1.50
2011.05.30 07:09:07.910,1.3084,1.30874,2.46,1.50
2011.05.30 07:09:08.942,1.30835,1.30884,3.21,2.25
2011.05.30 07:09:09.918,1.30836,1.30873,3.21,1.50
2011.05.30 07:09:10.203,1.30836,1.30883,3.21,2.25
2011.05.30 07:09:12.308,1.30833,1.30893,3.21,2.25
2011.05.30 07:09:15.179,1.3084,1.30893,2.25,2.25
2011.05.30 07:09:15.508,1.30848,1.30894,2.25,2.25
2011.05.30 07:09:15.839,1.3084,1.30903,2.46,2.25
2011.05.30 07:09:16.059,1.30846,1.30904,1.50,2.25
2011.05.30 07:09:19.100,1.30846,1.30903,2.25,1.50
2011.05.30 07:09:20.790,1.30847,1.30904,2.25,2.25
2011.05.30 07:09:21.669,1.30846,1.30882,3.75,1.13
2011.05.30 07:09:21.779,1.30828,1.30881,2.48,3.00
2011.05.30 07:09:21.889,1.30818,1.30867,1.50,2.48
2011.05.30 07:09:22.000,1.30821,1.30867,1.71,1.73
2011.05.30 07:09:22.109,1.30821,1.30873,1.71,1.50
2011.05.30 07:09:22.549,1.30852,1.30873,2.25,1.50
2011.05.30 07:09:23.101,1.30853,1.30873,2.25,1.50
2011.05.30 07:09:23.321,1.30849,1.30873,2.25,1.50
2011.05.30 07:09:23.927,1.30851,1.30873,2.25,1.50
2011.05.30 07:09:24.049,1.30853,1.30894,2.25,2.25
2011.05.30 07:09:26.931,1.30854,1.30904,2.25,2.25
2011.05.30 07:09:27.050,1.30859,1.30904,2.25,2.25
2011.05.30 07:09:30.884,1.30855,1.30904,2.25,2.25
2011.05.30 07:09:30.999,1.3085,1.30904,2.25,2.25
2011.05.30 07:09:31.108,1.3085,1.30904,2.25,2.25
2011.05.30 07:09:31.218,1.30846,1.30904,3.75,2.25
2011.05.30 07:09:31.988,1.30844,1.30894,2.25,2.25
2011.05.30 07:09:32.098,1.30841,1.30894,2.25,2.25
2011.05.30 07:09:33.708,1.30836,1.30894,2.25,2.25
2011.05.30 07:09:36.978,1.30827,1.30883,2.25,2.25
2011.05.30 07:09:38.286,1.30846,1.30897,2.25,1.50
2011.05.30 07:09:40.998,1.3084,1.30893,2.48,2.25
2011.05.30 07:09:41.330,1.30823,1.30869,2.68,1.50
2011.05.30 07:09:41.549,1.3081,1.3087,1.50,4.73
2011.05.30 07:09:41.661,1.30808,1.30863,2.48,2.25
2011.05.30 07:09:42.000,1.30816,1.30874,2.25,3.00
2011.05.30 07:09:42.332,1.30824,1.30874,3.00,1.50
2011.05.30 07:09:42.982,1.30827,1.30883,2.25,2.25
2011.05.30 07:09:43.430,1.30827,1.30883,2.25,2.25
2011.05.30 07:09:55.419,1.30827,1.30883,2.25,2.25
2011.05.30 07:10:00.409,1.30839,1.30883,4.50,2.25
2011.05.30 07:10:00.630,1.30849,1.30894,1.50,2.25
2011.05.30 07:10:00.740,1.30854,1.30894,1.73,2.25
2011.05.30 07:10:00.849,1.30854,1.30893,2.48,2.25
2011.05.30 07:10:02.051,1.30866,1.30904,1.73,2.25
2011.05.30 07:10:02.161,1.30847,1.30904,2.48,2.25
2011.05.30 07:10:02.499,1.30847,1.30894,2.48,2.25
2011.05.30 07:10:10.693,1.30853,1.30904,1.73,2.25
2011.05.30 07:10:10.921,1.30857,1.30904,1.50,2.25
2011.05.30 07:10:11.039,1.3086,1.30904,1.73,2.25
2011.05.30 07:10:12.637,1.3086,1.30914,2.48,2.25
2011.05.30 07:10:12.750,1.30866,1.30914,1.50,2.25
2011.05.30 07:10:12.971,1.30867,1.30913,1.73,1.50
2011.05.30 07:10:13.088,1.30856,1.30912,2.25,1.50
2011.05.30 07:10:13.308,1.30847,1.30906,2.25,1.50
2011.05.30 07:10:13.638,1.30847,1.30903,2.25,3.00
2011.05.30 07:10:15.121,1.30847,1.30903,2.25,2.25
2011.05.30 07:10:15.459,1.30857,1.30903,1.50,2.25
2011.05.30 07:10:16.063,1.30869,1.30917,2.48,1.50
2011.05.30 07:10:16.299,1.30866,1.3092,2.25,1.35
2011.05.30 07:10:16.520,1.30859,1.30915,1.73,1.50
2011.05.30 07:10:16.740,1.30856,1.30915,1.50,1.50
2011.05.30 07:10:17.290,1.30856,1.3091,2.25,3.00
2011.05.30 07:10:17.838,1.30856,1.30913,2.25,3.00
2011.05.30 07:10:18.403,1.30856,1.30914,1.50,2.25
2011.05.30 07:10:19.948,1.30847,1.30903,2.25,2.25
2011.05.30 07:10:20.522,1.30847,1.30903,2.25,2.25
2011.05.30 07:10:22.297,1.30854,1.30901,1.50,2.25
2011.05.30 07:10:22.411,1.30862,1.30909,2.48,1.35
2011.05.30 07:10:22.531,1.30857,1.3091,2.25,2.25
2011.05.30 07:10:22.649,1.30857,1.30909,2.25,1.50
2011.05.30 07:10:23.588,1.30856,1.30904,2.48,1.50
2011.05.30 07:10:25.512,1.30856,1.30904,2.48,1.50
2011.05.30 07:10:27.079,1.30862,1.30904,2.48,1.50
2011.05.30 07:10:29.498,1.30862,1.30904,2.48,1.50
2011.05.30 07:10:30.320,1.30856,1.30904,2.48,1.50
2011.05.30 07:10:30.846,1.30849,1.30904,2.48,2.25
2011.05.30 07:10:32.188,1.30849,1.30904,2.48,3.00
2011.05.30 07:10:36.639,1.30849,1.30904,3.23,2.25
2011.05.30 07:10:39.457,1.30856,1.30904,2.48,3.00
2011.05.30 07:10:40.886,1.30856,1.30904,2.48,3.00
2011.05.30 07:10:42.756,1.30861,1.30904,1.73,2.25
2011.05.30 07:10:44.229,1.30861,1.30904,2.48,2.25
2011.05.30 07:10:44.781,1.30867,1.30912,1.50,1.50
2011.05.30 07:10:44.901,1.30875,1.30914,1.73,2.25
2011.05.30 07:10:45.128,1.30875,1.30914,1.73,2.25
2011.05.30 07:10:45.240,1.30866,1.30914,2.48,2.25
2011.05.30 07:10:45.459,1.30866,1.30914,2.48,2.25
2011.05.30 07:10:45.789,1.30873,1.30914,2.33,2.25
2011.05.30 07:10:46.447,1.30878,1.30924,1.73,2.25
2011.05.30 07:10:46.781,1.30891,1.30933,1.73,2.25
2011.05.30 07:10:46.899,1.30883,1.30933,2.33,2.25
2011.05.30 07:10:47.120,1.30877,1.30924,2.48,2.25
2011.05.30 07:10:47.229,1.30877,1.30924,1.73,2.25
2011.05.30 07:10:47.617,1.30877,1.30924,2.48,2.25
2011.05.30 07:10:52.140,1.30875,1.30913,1.50,2.25
2011.05.30 07:10:52.262,1.3086,1.30908,3.23,1.35
2011.05.30 07:10:53.152,1.30857,1.309,1.50,1.35
2011.05.30 07:10:53.807,1.30857,1.309,1.50,1.35
2011.05.30 07:10:54.469,1.30846,1.30897,1.50,3.75
2011.05.30 07:10:54.797,1.30836,1.30891,1.50,3.00
2011.05.30 07:10:55.578,1.30827,1.30883,2.25,2.25
2011.05.30 07:10:55.689,1.30827,1.30883,2.25,1.50
2011.05.30 07:10:59.649,1.30827,1.30883,2.25,1.50
2011.05.30 07:11:08.742,1.30827,1.30883,2.25,1.50
2011.05.30 07:11:08.969,1.30827,1.30883,2.25,1.50
2011.05.30 07:11:09.299,1.3083,1.30883,3.00,1.50
2011.05.30 07:11:09.813,1.30837,1.30893,2.25,2.25
2011.05.30 07:11:10.149,1.30837,1.30893,1.50,2.25
2011.05.30 07:11:10.589,1.30827,1.30883,4.50,1.50
2011.05.30 07:11:12.459,1.30827,1.30883,2.25,2.25
2011.05.30 07:11:13.759,1.30827,1.30883,1.50,2.25
2011.05.30 07:11:14.089,1.30827,1.30883,2.25,2.25
2011.05.30 07:11:14.309,1.30827,1.30883,1.50,2.25
2011.05.30 07:11:14.859,1.30827,1.30883,1.50,2.25
2011.05.30 07:11:15.498,1.30816,1.30874,2.25,1.50
2011.05.30 07:11:15.845,1.30816,1.30874,2.25,2.25
2011.05.30 07:11:16.289,1.30816,1.30874,2.25,1.50
2011.05.30 07:11:16.839,1.30816,1.30874,2.25,2.25
2011.05.30 07:11:19.588,1.30814,1.30864,2.48,1.50
2011.05.30 07:11:19.697,1.30814,1.30864,2.48,1.50
2011.05.30 07:11:20.968,1.30807,1.30864,3.23,2.25
2011.05.30 07:11:27.228,1.30807,1.30864,3.23,2.25
2011.05.30 07:11:27.859,1.30807,1.30864,3.23,2.25
2011.05.30 07:11:34.190,1.30807,1.30863,3.23,1.50
2011.05.30 07:11:36.889,1.30816,1.30863,1.50,1.50
2011.05.30 07:11:37.438,1.30816,1.30863,1.50,2.25
2011.05.30 07:11:37.768,1.30808,1.30863,2.48,2.25
2011.05.30 07:11:37.988,1.30816,1.30863,1.50,1.50
2011.05.30 07:11:38.208,1.30816,1.30863,1.50,2.25
2011.05.30 07:11:38.539,1.30814,1.30863,2.48,2.25
2011.05.30 07:11:39.051,1.30808,1.30863,2.48,2.25
2011.05.30 07:11:40.438,1.30808,1.30863,2.48,2.25
2011.05.30 07:11:47.198,1.30816,1.30868,3.00,1.50
2011.05.30 07:11:47.748,1.30816,1.30872,3.00,1.50
2011.05.30 07:11:48.824,1.30828,1.30883,1.50,3.00
2011.05.30 07:11:49.160,1.30807,1.30862,2.25,2.85
2011.05.30 07:11:49.382,1.30806,1.30855,2.25,2.25
2011.05.30 07:11:49.505,1.30852,1.30867,1.41,1.20
2011.05.30 07:11:49.621,1.30787,1.30854,1.50,2.25
2011.05.30 07:11:49.733,1.30797,1.30854,1.50,2.25
2011.05.30 07:11:50.069,1.30806,1.30854,1.50,2.25
2011.05.30 07:11:50.399,1.30806,1.30862,1.50,2.25
2011.05.30 07:11:53.032,1.30816,1.30857,1.50,2.25
2011.05.30 07:11:53.369,1.30816,1.30855,1.50,2.25
2011.05.30 07:11:53.480,1.30807,1.30854,1.50,2.25
2011.05.30 07:11:54.222,1.30807,1.30855,1.50,2.25
2011.05.30 07:11:54.348,1.30807,1.30857,1.50,2.25
2011.05.30 07:11:56.732,1.30807,1.30862,1.50,3.00
2011.05.30 07:11:56.852,1.30807,1.30862,1.50,2.25
2011.05.30 07:11:56.971,1.30817,1.30862,1.50,4.50
2011.05.30 07:11:57.420,1.30806,1.30861,1.50,2.25
2011.05.30 07:11:57.750,1.30806,1.30854,1.50,2.25
2011.05.30 07:11:58.078,1.30806,1.30852,1.50,2.25
2011.05.30 07:11:59.309,1.30806,1.30849,1.50,2.25
2011.05.30 07:12:00.220,1.30797,1.30849,2.25,2.25
2011.05.30 07:12:01.448,1.30797,1.30844,2.25,2.25
2011.05.30 07:12:01.559,1.30797,1.30844,1.50,2.25
2011.05.30 07:12:01.782,1.30786,1.30844,2.25,2.25
2011.05.30 07:12:03.120,1.30786,1.30842,2.25,2.25
2011.05.30 07:12:06.618,1.30798,1.30842,4.50,2.25
2011.05.30 07:12:06.838,1.30807,1.30864,3.00,2.25
2011.05.30 07:12:06.951,1.30814,1.30864,2.48,1.50
2011.05.30 07:12:07.398,1.30807,1.30864,2.48,2.25
2011.05.30 07:12:07.842,1.30807,1.30854,2.48,1.50
2011.05.30 07:12:08.289,1.30807,1.30864,2.48,2.25
2011.05.30 07:12:08.863,1.30807,1.30864,2.48,1.50
2011.05.30 07:12:08.985,1.30816,1.30874,2.25,2.25
2011.05.30 07:12:12.910,1.30816,1.30874,2.25,2.25
2011.05.30 07:12:13.239,1.30816,1.30874,2.25,2.25
2011.05.30 07:12:13.680,1.30816,1.30874,2.25,2.25
2011.05.30 07:12:13.791,1.30816,1.30874,2.25,2.25
2011.05.30 07:12:14.230,1.30817,1.30874,1.50,1.50
2011.05.30 07:12:14.560,1.3082,1.30874,2.48,1.50
2011.05.30 07:12:15.438,1.3082,1.30874,2.48,1.50
2011.05.30 07:12:20.519,1.30827,1.30883,2.25,2.25
2011.05.30 07:12:29.578,1.30827,1.30883,2.25,2.25
2011.05.30 07:12:34.519,1.30827,1.30883,2.25,2.25
2011.05.30 07:12:41.208,1.30826,1.30884,2.25,2.25
2011.05.30 07:12:42.309,1.30826,1.30884,2.25,2.25
2011.05.30 07:12:47.131,1.30837,1.30893,2.25,2.25
2011.05.30 07:12:47.728,1.30837,1.30893,2.25,2.25
2011.05.30 07:12:50.519,1.30832,1.30884,2.48,1.50
2011.05.30 07:12:51.778,1.30832,1.30884,2.48,2.25
2011.05.30 07:12:52.199,1.30832,1.30884,2.48,2.25
2011.05.30 07:12:52.748,1.30826,1.30884,3.98,2.25
2011.05.30 07:12:53.057,1.30851,1.30884,4.50,2.25
2011.05.30 07:12:53.389,1.30869,1.30906,1.73,1.50
2011.05.30 07:12:53.610,1.30867,1.30917,1.50,3.75
2011.05.30 07:12:53.720,1.30856,1.30905,2.25,3.00
2011.05.30 07:12:53.831,1.30856,1.30898,1.50,2.48
2011.05.30 07:12:54.049,1.30847,1.30898,1.50,2.48
2011.05.30 07:12:54.540,1.30847,1.30898,2.25,2.48
2011.05.30 07:12:55.267,1.30847,1.30903,3.00,2.25
2011.05.30 07:12:55.600,1.30857,1.30904,1.50,3.23
2011.05.30 07:12:55.710,1.30847,1.30903,1.50,2.25
2011.05.30 07:12:55.929,1.30847,1.30899,2.25,2.48
2011.05.30 07:12:57.639,1.30847,1.30903,2.25,2.25
2011.05.30 07:12:58.850,1.30856,1.30914,1.50,3.98
2011.05.30 07:13:00.240,1.30856,1.30909,1.50,3.00
2011.05.30 07:13:00.458,1.30846,1.30904,2.25,3.98
2011.05.30 07:13:03.278,1.30846,1.30903,2.25,1.50
2011.05.30 07:13:08.295,1.30846,1.30904,2.25,3.98
2011.05.30 07:13:11.018,1.30857,1.30904,2.25,2.48
2011.05.30 07:13:12.499,1.30867,1.30916,1.50,2.48
2011.05.30 07:13:12.722,1.30867,1.30923,1.50,2.25
2011.05.30 07:13:12.840,1.30877,1.30929,1.50,2.48
2011.05.30 07:13:13.169,1.30877,1.30923,1.50,4.73
2011.05.30 07:13:13.389,1.30877,1.30923,1.50,2.48
2011.05.30 07:13:13.502,1.30877,1.30923,1.50,2.48
2011.05.30 07:13:13.619,1.30866,1.30923,2.25,2.48
2011.05.30 07:13:13.840,1.30876,1.30929,1.50,3.60
2011.05.30 07:13:14.392,1.30876,1.30929,1.50,3.00
2011.05.30 07:13:14.729,1.30876,1.30929,1.50,2.48
2011.05.30 07:13:15.060,1.30883,1.30934,2.48,2.25
2011.05.30 07:13:15.172,1.30879,1.30934,1.50,2.25
2011.05.30 07:13:15.291,1.30876,1.30934,2.25,2.25
2011.05.30 07:13:15.399,1.30876,1.30928,1.50,2.48
2011.05.30 07:13:15.727,1.30876,1.30928,1.50,2.48
2011.05.30 07:13:15.838,1.30866,1.30924,3.98,2.25
2011.05.30 07:13:18.099,1.30866,1.30924,3.98,2.25
2011.05.30 07:13:21.048,1.30866,1.30924,3.98,2.25
2011.05.30 07:13:25.375,1.30865,1.30924,1.73,3.00
2011.05.30 07:13:25.978,1.30866,1.30924,1.50,3.00
2011.05.30 07:13:36.419,1.30866,1.30923,1.50,2.48
2011.05.30 07:13:39.310,1.30858,1.30913,1.50,3.00
2011.05.30 07:13:39.748,1.30857,1.30906,1.50,1.50
2011.05.30 07:13:43.691,1.30857,1.30906,1.50,1.50
2011.05.30 07:13:44.020,1.30857,1.30897,1.50,1.50
2011.05.30 07:13:44.351,1.30857,1.30892,1.50,2.48
2011.05.30 07:13:44.688,1.30847,1.30892,2.25,3.23
2011.05.30 07:13:47.001,1.30847,1.30876,1.50,2.85
2011.05.30 07:13:47.339,1.30847,1.30874,1.50,2.25
2011.05.30 07:13:47.448,1.30847,1.30874,1.50,2.25
2011.05.30 07:13:47.559,1.30836,1.30874,1.50,2.25
2011.05.30 07:13:49.589,1.30836,1.30867,1.50,1.50
2011.05.30 07:13:50.178,1.30836,1.30868,1.50,1.50
2011.05.30 07:13:50.398,1.30836,1.30868,1.50,1.50
2011.05.30 07:13:50.509,1.30826,1.30863,1.50,1.50
2011.05.30 07:13:51.260,1.30827,1.30863,1.50,1.50
2011.05.30 07:13:51.378,1.30817,1.30855,1.50,1.73
2011.05.30 07:13:52.251,1.30817,1.30854,1.50,1.50
2011.05.30 07:13:52.710,1.30817,1.30854,1.50,1.50
2011.05.30 07:13:56.115,1.30817,1.30854,1.50,1.50
2011.05.30 07:13:56.449,1.30817,1.30851,1.50,1.50
2011.05.30 07:13:56.559,1.30806,1.30851,1.50,3.23
2011.05.30 07:13:57.341,1.30796,1.30845,1.50,1.50
2011.05.30 07:14:01.395,1.30796,1.30842,1.50,1.50
2011.05.30 07:14:02.742,1.30812,1.30842,2.25,1.50
2011.05.30 07:14:03.409,1.30819,1.30858,2.25,1.50
2011.05.30 07:14:03.790,1.30824,1.3086,2.25,1.50
2011.05.30 07:14:05.049,1.30815,1.30846,2.25,2.48
2011.05.30 07:14:05.490,1.30815,1.30846,2.25,2.48
2011.05.30 07:14:05.601,1.30812,1.30846,2.25,2.48
2011.05.30 07:14:05.829,1.30816,1.30846,2.25,2.48
2011.05.30 07:14:06.852,1.30818,1.3085,2.25,1.50
2011.05.30 07:14:07.869,1.30817,1.3085,2.25,1.50
2011.05.30 07:14:08.846,1.30818,1.3085,2.25,1.50
2011.05.30 07:14:08.968,1.30796,1.30847,2.25,2.48
2011.05.30 07:14:14.480,1.30787,1.30843,2.25,2.25
2011.05.30 07:14:14.699,1.30787,1.30835,2.25,2.48
2011.05.30 07:14:14.917,1.30787,1.3084,2.25,1.50
2011.05.30 07:14:18.130,1.30787,1.30837,2.25,1.50
2011.05.30 07:14:18.349,1.30787,1.30837,2.25,1.50
2011.05.30 07:14:18.790,1.30777,1.30823,2.25,2.48
2011.05.30 07:14:19.340,1.30767,1.30822,2.25,1.50
2011.05.30 07:14:19.668,1.30767,1.30823,2.25,3.98
2011.05.30 07:14:20.017,1.30767,1.30823,2.25,3.98
2011.05.30 07:14:23.110,1.30778,1.30831,1.50,1.50
2011.05.30 07:14:23.438,1.30787,1.30835,2.25,2.48
2011.05.30 07:14:27.278,1.30787,1.30835,2.25,2.48
2011.05.30 07:14:28.809,1.30787,1.30835,2.25,2.48
2011.05.30 07:14:32.909,1.30787,1.30832,2.25,1.50
2011.05.30 07:14:37.479,1.30787,1.30832,2.25,1.50
2011.05.30 07:14:38.127,1.30787,1.30832,2.25,1.50
2011.05.30 07:14:38.569,1.30787,1.30832,2.25,1.50
2011.05.30 07:14:42.589,1.30786,1.30832,2.25,1.50
2011.05.30 07:14:42.699,1.30786,1.30832,2.25,1.50
2011.05.30 07:14:42.921,1.30786,1.30828,2.25,1.50
2011.05.30 07:14:44.204,1.30777,1.30828,2.25,1.50
2011.05.30 07:14:44.974,1.30777,1.30827,2.25,1.50
2011.05.30 07:14:45.204,1.30777,1.3081,2.25,1.50
2011.05.30 07:14:45.430,1.30765,1.30804,3.75,1.50
2011.05.30 07:14:45.652,1.30768,1.30814,3.00,1.50
2011.05.30 07:14:45.882,1.30777,1.3082,2.25,1.50
2011.05.30 07:14:46.110,1.30777,1.3082,2.25,1.50
2011.05.30 07:14:46.329,1.30777,1.30823,2.25,3.23
2011.05.30 07:14:46.551,1.30777,1.30817,2.25,1.73
2011.05.30 07:14:46.880,1.30777,1.30825,2.25,1.50
2011.05.30 07:14:47.099,1.30777,1.30826,2.25,2.48
2011.05.30 07:14:53.476,1.30771,1.30823,3.00,1.35
2011.05.30 07:14:53.812,1.30767,1.30813,2.25,2.48
2011.05.30 07:14:54.044,1.30767,1.30821,2.25,3.23
2011.05.30 07:14:54.599,1.30767,1.30821,2.25,3.23
2011.05.30 07:14:54.821,1.30777,1.30821,2.25,1.73
2011.05.30 07:14:54.931,1.30777,1.30826,2.25,1.50
2011.05.30 07:14:55.054,1.30777,1.30829,2.25,3.23
2011.05.30 07:14:55.281,1.30777,1.30829,2.25,1.50
2011.05.30 07:14:56.810,1.30777,1.30827,2.25,1.50
2011.05.30 07:14:57.139,1.30777,1.30821,2.25,2.48
2011.05.30 07:14:57.248,1.30777,1.30817,2.25,1.50
2011.05.30 07:14:58.242,1.30766,1.30817,2.25,1.50
2011.05.30 07:15:00.418,1.30766,1.30821,2.25,2.48
2011.05.30 07:15:00.530,1.30766,1.30822,2.25,1.50
2011.05.30 07:15:00.754,1.30777,1.30825,3.98,1.50
2011.05.30 07:15:00.981,1.3077,1.3083,3.60,1.50
2011.05.30 07:15:01.421,1.30777,1.3083,2.25,1.50
2011.05.30 07:15:01.639,1.30777,1.30833,3.00,2.25
2011.05.30 07:15:01.751,1.30785,1.30833,1.50,2.25
2011.05.30 07:15:02.419,1.30787,1.30838,2.25,1.50
2011.05.30 07:15:05.428,1.30776,1.30829,2.25,1.50
2011.05.30 07:15:05.540,1.30776,1.30828,2.25,1.50
2011.05.30 07:15:05.760,1.30776,1.30828,2.25,1.50
2011.05.30 07:15:06.091,1.30776,1.30826,2.25,1.50
2011.05.30 07:15:06.431,1.30767,1.30823,2.25,1.50
2011.05.30 07:15:06.980,1.30777,1.30822,2.25,2.48
2011.05.30 07:15:10.751,1.30766,1.30819,2.25,2.25
2011.05.30 07:15:10.862,1.30766,1.30816,2.25,1.50
2011.05.30 07:15:17.889,1.30756,1.30813,2.25,3.23
2011.05.30 07:15:18.409,1.30756,1.30813,2.25,3.23
2011.05.30 07:15:18.919,1.30756,1.3081,2.25,1.50
2011.05.30 07:15:20.080,1.3075,1.30802,2.48,1.50
2011.05.30 07:15:20.300,1.30747,1.30799,2.25,2.48
2011.05.30 07:15:20.409,1.30747,1.30794,2.25,1.73
2011.05.30 07:15:20.519,1.30747,1.30794,2.25,2.48
2011.05.30 07:15:21.071,1.30747,1.30794,2.25,2.48
2011.05.30 07:15:21.399,1.30747,1.30786,2.25,2.48
2011.05.30 07:15:21.729,1.30747,1.30794,2.25,3.23
2011.05.30 07:15:25.919,1.30747,1.30794,2.25,3.98
2011.05.30 07:15:26.620,1.30736,1.30786,2.25,1.73
2011.05.30 07:15:26.734,1.30736,1.3079,2.25,1.50
2011.05.30 07:15:26.960,1.30736,1.30792,2.25,3.23
2011.05.30 07:15:27.178,1.30743,1.30793,1.35,1.50
2011.05.30 07:15:27.290,1.30743,1.30794,1.35,1.50
2011.05.30 07:15:27.618,1.30743,1.30794,1.35,1.50
2011.05.30 07:15:28.489,1.30737,1.30793,3.00,1.73
2011.05.30 07:15:28.600,1.30736,1.30793,2.25,3.23
2011.05.30 07:15:28.712,1.30736,1.30791,3.00,1.50
2011.05.30 07:15:29.050,1.30743,1.30794,1.35,2.25
2011.05.30 07:15:29.489,1.30746,1.30798,2.25,2.48
2011.05.30 07:15:29.599,1.30746,1.30804,2.25,2.25
2011.05.30 07:15:29.709,1.30746,1.30804,2.25,2.25
2011.05.30 07:15:29.820,1.30746,1.30799,2.25,3.23
2011.05.30 07:15:30.038,1.30743,1.30793,1.35,1.50
2011.05.30 07:15:30.149,1.30737,1.30793,4.50,2.25
2011.05.30 07:15:30.482,1.30737,1.30793,2.25,2.25
2011.05.30 07:15:30.929,1.30737,1.30793,2.25,1.50
2011.05.30 07:15:31.599,1.30746,1.30798,2.25,2.48
2011.05.30 07:15:32.248,1.30757,1.30807,2.25,1.50
2011.05.30 07:15:32.358,1.30757,1.30808,2.25,1.50
2011.05.30 07:15:32.473,1.30757,1.30805,2.25,1.73
2011.05.30 07:15:32.589,1.30757,1.308,2.25,1.50
2011.05.30 07:15:34.460,1.30746,1.308,2.25,2.85
2011.05.30 07:15:34.680,1.30746,1.3077,2.25,1.73
2011.05.30 07:15:34.900,1.30716,1.30761,1.50,2.48
2011.05.30 07:15:35.013,1.30707,1.30766,2.25,3.75
2011.05.30 07:15:35.240,1.30716,1.30764,1.35,1.50
2011.05.30 07:15:35.350,1.30716,1.30773,1.35,2.25
2011.05.30 07:15:35.462,1.30709,1.30773,2.48,2.25
2011.05.30 07:15:35.800,1.30707,1.30763,2.25,2.25
2011.05.30 07:15:36.020,1.30717,1.30763,3.00,1.50
2011.05.30 07:15:36.679,1.30716,1.30774,2.25,1.50
2011.05.30 07:15:36.901,1.30719,1.30774,2.48,1.50
2011.05.30 07:15:37.128,1.30719,1.30774,2.48,1.50
2011.05.30 07:15:37.985,1.30719,1.30774,2.25,1.50
2011.05.30 07:15:38.100,1.30718,1.30774,2.48,1.50
2011.05.30 07:15:40.228,1.30726,1.30784,2.25,2.25
2011.05.30 07:15:41.159,1.30718,1.30773,2.48,2.25
2011.05.30 07:15:42.590,1.30717,1.30773,2.25,2.25
2011.05.30 07:15:43.029,1.30717,1.30773,3.98,1.50
2011.05.30 07:15:43.251,1.30726,1.30782,2.25,2.48
2011.05.30 07:15:43.472,1.30726,1.30782,1.50,5.48
2011.05.30 07:15:43.589,1.30717,1.30773,2.25,2.25
2011.05.30 07:15:43.810,1.30717,1.30773,2.25,1.50
2011.05.30 07:15:46.202,1.30717,1.30773,2.25,2.25
2011.05.30 07:15:46.854,1.30717,1.30763,2.25,1.73
2011.05.30 07:15:47.082,1.30707,1.30763,2.25,3.98
2011.05.30 07:15:47.638,1.30696,1.30754,2.63,1.50
2011.05.30 07:15:49.690,1.30731,1.30754,2.25,1.50
2011.05.30 07:15:49.909,1.30737,1.30793,2.48,3.00
2011.05.30 07:15:50.019,1.30737,1.30793,2.48,1.50
2011.05.30 07:15:50.349,1.30737,1.30794,2.48,2.25
2011.05.30 07:15:51.291,1.30749,1.30804,2.48,2.25
2011.05.30 07:15:51.410,1.30749,1.30803,2.48,1.50
2011.05.30 07:15:51.740,1.30736,1.3078,1.50,3.00
2011.05.30 07:15:51.852,1.30726,1.30784,2.25,1.35
2011.05.30 07:15:51.971,1.30736,1.30784,1.50,1.35
2011.05.30 07:15:52.089,1.30736,1.30784,2.25,1.35
2011.05.30 07:15:52.310,1.30736,1.30792,2.25,3.23
2011.05.30 07:15:53.488,1.30736,1.30792,2.25,2.48
2011.05.30 07:15:54.191,1.30736,1.30784,2.25,1.50
2011.05.30 07:15:54.630,1.30727,1.30777,2.25,1.50
2011.05.30 07:15:54.743,1.30727,1.30771,2.25,1.50
2011.05.30 07:15:54.860,1.30727,1.30768,2.25,1.73
2011.05.30 07:15:55.082,1.30717,1.30774,2.48,2.85
2011.05.30 07:15:55.201,1.30717,1.30774,2.48,1.50
2011.05.30 07:15:55.530,1.30719,1.30767,2.48,2.25
2011.05.30 07:15:55.864,1.30727,1.30753,1.50,2.25
2011.05.30 07:15:56.201,1.30726,1.30755,1.50,2.25
2011.05.30 07:15:56.640,1.30726,1.30755,2.25,2.25
2011.05.30 07:15:56.751,1.30726,1.30767,2.25,2.25
2011.05.30 07:15:56.860,1.30737,1.30767,1.50,2.25
2011.05.30 07:15:57.190,1.30737,1.3076,1.50,2.25
2011.05.30 07:15:57.631,1.30737,1.30755,1.50,2.25
2011.05.30 07:15:57.740,1.30726,1.30755,1.50,2.25
2011.05.30 07:15:58.289,1.30726,1.30777,1.50,2.48
2011.05.30 07:15:58.659,1.30726,1.30777,1.50,2.48
2011.05.30 07:16:01.036,1.30717,1.30773,1.50,2.25
2011.05.30 07:16:03.629,1.30717,1.30769,1.50,2.48
2011.05.30 07:16:04.069,1.30706,1.30764,1.50,3.98
2011.05.30 07:16:05.179,1.30706,1.30758,1.50,2.48
2011.05.30 07:16:05.399,1.30706,1.30762,1.50,1.50
2011.05.30 07:16:05.618,1.30706,1.30757,1.50,2.48
2011.05.30 07:16:07.949,1.30697,1.30753,2.25,2.25
2011.05.30 07:16:08.060,1.30697,1.30753,1.50,2.25
2011.05.30 07:16:08.498,1.30697,1.30753,2.25,2.25
2011.05.30 07:16:09.492,1.30699,1.30753,3.00,2.25
2011.05.30 07:16:10.990,1.30699,1.30753,3.00,1.50
2011.05.30 07:16:12.103,1.30699,1.30753,3.00,2.25
2011.05.30 07:16:13.609,1.30706,1.30761,2.25,2.48
2011.05.30 07:16:13.828,1.30706,1.30761,2.25,2.48
2011.05.30 07:16:19.621,1.30706,1.30756,1.50,2.48
2011.05.30 07:16:19.850,1.30696,1.3075,2.25,2.48
2011.05.30 07:16:19.961,1.30696,1.3075,2.25,2.48
2011.05.30 07:16:20.300,1.30688,1.30743,3.00,1.50
2011.05.30 07:16:20.959,1.30692,1.30743,2.48,1.50
2011.05.30 07:16:21.663,1.30698,1.30754,2.48,2.25
2011.05.30 07:16:22.369,1.30698,1.30754,4.73,2.25
2011.05.30 07:16:28.888,1.30706,1.30756,2.25,2.48
2011.05.30 07:16:30.082,1.30697,1.3075,2.25,2.48
2011.05.30 07:16:34.691,1.30697,1.3075,2.25,1.73
2011.05.30 07:16:34.908,1.30697,1.30753,2.25,2.25
2011.05.30 07:16:35.019,1.30697,1.30753,2.25,2.25
2011.05.30 07:16:37.308,1.30697,1.30753,3.00,2.25
2011.05.30 07:16:37.639,1.30698,1.30753,2.68,1.50
2011.05.30 07:16:38.299,1.30698,1.30753,2.68,2.25
2011.05.30 07:16:38.770,1.30698,1.30753,2.68,1.50
2011.05.30 07:16:40.301,1.30707,1.30763,2.25,2.25
2011.05.30 07:16:43.479,1.30707,1.30758,2.25,1.50
2011.05.30 07:16:47.550,1.30707,1.30755,2.25,2.48
2011.05.30 07:16:48.722,1.30697,1.30753,4.50,2.25
2011.05.30 07:16:48.843,1.30706,1.30764,2.25,2.25
2011.05.30 07:16:52.502,1.30706,1.3076,2.25,2.48
2011.05.30 07:16:54.388,1.30707,1.30764,1.50,2.25
2011.05.30 07:16:56.980,1.30706,1.30763,2.25,1.50
2011.05.30 07:16:57.419,1.30706,1.30759,2.25,2.48
2011.05.30 07:17:00.818,1.30706,1.30764,2.25,2.25
2011.05.30 07:17:02.183,1.30707,1.30764,1.50,2.25
2011.05.30 07:17:02.952,1.30706,1.30745,1.50,1.50
2011.05.30 07:17:03.071,1.30687,1.30742,2.25,2.48
2011.05.30 07:17:03.190,1.30687,1.30741,2.25,1.35
2011.05.30 07:17:03.522,1.30677,1.30731,2.25,1.50
2011.05.30 07:17:03.859,1.30677,1.30733,2.25,3.98
2011.05.30 07:17:04.256,1.30671,1.30723,3.08,1.50
2011.05.30 07:17:04.478,1.30676,1.30733,2.25,2.48
2011.05.30 07:17:05.028,1.30676,1.30733,2.25,2.48
2011.05.30 07:17:06.250,1.30693,1.30733,1.35,1.73
2011.05.30 07:17:06.360,1.30693,1.30744,1.35,2.25
2011.05.30 07:17:06.474,1.30697,1.30744,1.35,2.25
2011.05.30 07:17:06.809,1.30704,1.30754,1.35,2.25
2011.05.30 07:17:15.989,1.3071,1.30754,1.35,1.50
2011.05.30 07:17:16.648,1.3071,1.30764,1.56,2.25
2011.05.30 07:17:18.849,1.30719,1.30774,1.35,2.25
2011.05.30 07:17:19.399,1.30719,1.30774,1.35,2.25
2011.05.30 07:17:19.619,1.30719,1.30774,1.35,2.25
2011.05.30 07:17:21.783,1.30726,1.30778,2.10,2.48
2011.05.30 07:17:22.579,1.30726,1.30778,2.10,2.48
2011.05.30 07:17:24.701,1.30717,1.30774,1.50,2.25
2011.05.30 07:17:27.830,1.30707,1.30759,2.25,2.48
2011.05.30 07:17:28.271,1.30707,1.30763,2.25,3.98
2011.05.30 07:17:30.100,1.30706,1.30754,2.48,1.50
2011.05.30 07:17:31.081,1.30707,1.30763,2.25,2.25
2011.05.30 07:17:31.424,1.30709,1.30763,3.00,2.25
2011.05.30 07:17:31.761,1.30712,1.30763,2.48,2.25
2011.05.30 07:17:32.090,1.30718,1.30763,2.48,2.25
2011.05.30 07:17:32.420,1.30718,1.30774,2.48,2.25
2011.05.30 07:17:34.638,1.30718,1.30763,2.48,1.50
2011.05.30 07:17:34.860,1.30718,1.30763,2.48,2.25
2011.05.30 07:17:35.409,1.30707,1.30763,2.25,2.25
2011.05.30 07:17:36.139,1.30702,1.30753,1.50,1.50
2011.05.30 07:17:37.830,1.30705,1.30753,2.48,1.50
2011.05.30 07:17:38.268,1.30707,1.30764,2.48,2.25
2011.05.30 07:17:39.642,1.30707,1.30764,3.23,2.25
2011.05.30 07:18:05.153,1.30714,1.30764,2.48,2.25
2011.05.30 07:18:05.599,1.30717,1.30773,2.25,2.25
2011.05.30 07:18:06.040,1.30717,1.30773,2.25,2.25
2011.05.30 07:18:06.700,1.30717,1.30771,2.25,2.48
2011.05.30 07:18:15.969,1.30716,1.30772,3.00,1.50
2011.05.30 07:18:20.060,1.30721,1.30774,1.50,2.25
2011.05.30 07:18:20.758,1.30721,1.30774,1.50,2.25
2011.05.30 07:18:21.622,1.30721,1.30774,1.50,1.50
2011.05.30 07:18:21.741,1.30726,1.3078,2.25,1.50
2011.05.30 07:18:24.918,1.30734,1.30784,1.35,2.25
2011.05.30 07:18:25.620,1.30734,1.30784,1.35,2.25
2011.05.30 07:18:25.729,1.30734,1.30784,1.35,4.50
2011.05.30 07:18:25.949,1.30734,1.30784,1.35,2.25
2011.05.30 07:18:28.290,1.30734,1.30784,1.35,2.25
2011.05.30 07:18:29.594,1.30738,1.30786,1.35,3.00
2011.05.30 07:18:29.712,1.30738,1.30786,1.35,3.00
2011.05.30 07:18:30.860,1.30736,1.30781,1.35,3.00
2011.05.30 07:18:31.079,1.30727,1.30781,1.50,3.00
2011.05.30 07:18:34.430,1.30731,1.3078,1.50,2.25
2011.05.30 07:18:34.540,1.30728,1.30787,1.50,3.00
2011.05.30 07:18:34.761,1.30745,1.30792,1.35,1.50
2011.05.30 07:18:34.870,1.30747,1.30792,2.85,1.50
2011.05.30 07:18:35.091,1.30747,1.30787,1.50,3.00
2011.05.30 07:18:35.309,1.3074,1.30787,1.35,3.00
2011.05.30 07:18:36.448,1.3074,1.30787,1.35,3.00
2011.05.30 07:18:36.780,1.30736,1.3078,2.25,2.25
2011.05.30 07:18:36.890,1.30736,1.3078,2.25,3.00
2011.05.30 07:18:38.789,1.30738,1.30794,2.48,4.50
2011.05.30 07:18:39.120,1.30746,1.30787,1.50,3.00
2011.05.30 07:18:40.530,1.30737,1.30787,3.00,3.00
2011.05.30 07:18:53.789,1.30737,1.30787,3.00,3.00
2011.05.30 07:18:57.299,1.30737,1.30787,3.00,3.00
2011.05.30 07:19:04.701,1.30737,1.30787,1.50,3.00
2011.05.30 07:19:05.253,1.30737,1.30793,3.00,4.50
2011.05.30 07:19:05.481,1.30737,1.30786,3.00,3.00
2011.05.30 07:19:05.701,1.30737,1.30786,3.00,2.25
2011.05.30 07:19:05.921,1.30737,1.30789,3.00,2.25
2011.05.30 07:19:06.519,1.30737,1.30793,3.00,4.50
2011.05.30 07:19:07.288,1.30737,1.30787,3.00,5.25
2011.05.30 07:19:07.949,1.30737,1.3078,2.25,3.00
2011.05.30 07:19:09.810,1.30737,1.30781,2.25,3.00
2011.05.30 07:19:10.030,1.30737,1.30783,2.25,2.25
2011.05.30 07:19:10.609,1.30737,1.30787,2.25,3.00
2011.05.30 07:19:11.410,1.30737,1.30787,2.25,3.00
2011.05.30 07:19:11.739,1.30737,1.30777,1.50,3.00
2011.05.30 07:19:14.738,1.3073,1.30777,2.48,2.25
2011.05.30 07:19:15.069,1.30736,1.30785,2.25,3.00
2011.05.30 07:19:15.177,1.30736,1.30785,2.25,3.00
2011.05.30 07:19:21.690,1.30739,1.30794,2.48,4.50
2011.05.30 07:19:26.939,1.30747,1.30794,1.50,3.00
2011.05.30 07:19:28.749,1.30746,1.30789,1.50,3.00
2011.05.30 07:19:28.858,1.30739,1.30788,2.48,3.00
2011.05.30 07:19:30.370,1.30736,1.30785,3.00,2.25
2011.05.30 07:19:30.699,1.30746,1.30794,1.35,2.25
2011.05.30 07:19:31.031,1.30763,1.30814,1.73,2.25
2011.05.30 07:19:31.879,1.30763,1.30814,2.48,1.50
2011.05.30 07:19:33.228,1.30764,1.30814,1.50,1.50
2011.05.30 07:19:36.550,1.30763,1.30814,2.48,1.50
2011.05.30 07:19:36.659,1.30765,1.30814,1.13,2.25
2011.05.30 07:19:36.988,1.30773,1.30834,2.48,2.25
2011.05.30 07:19:39.303,1.30787,1.30842,1.50,1.50
2011.05.30 07:19:39.859,1.30777,1.30833,2.25,2.25
2011.05.30 07:19:39.968,1.30777,1.30833,2.25,2.25
2011.05.30 07:19:40.519,1.30777,1.3083,2.25,1.35
2011.05.30 07:19:48.309,1.30779,1.30833,2.48,2.25
2011.05.30 07:19:58.498,1.30787,1.30844,1.50,2.25
2011.05.30 07:19:58.827,1.30786,1.30844,2.25,2.25
2011.05.30 07:19:59.750,1.30787,1.30844,1.50,2.25
2011.05.30 07:20:03.239,1.30786,1.30844,1.50,2.25
2011.05.30 07:20:03.351,1.30786,1.30844,2.25,2.25
2011.05.30 07:20:13.120,1.30789,1.30843,2.25,2.25
2011.05.30 07:20:13.228,1.30789,1.30843,3.00,2.25
2011.05.30 07:20:13.945,1.30796,1.30852,1.50,3.23
2011.05.30 07:20:15.438,1.30796,1.30845,1.50,3.08
2011.05.30 07:20:15.548,1.30787,1.30843,1.50,3.00
2011.05.30 07:20:17.198,1.30787,1.30843,1.50,3.00
2011.05.30 07:20:17.810,1.30787,1.30843,1.50,3.00
2011.05.30 07:20:18.308,1.30787,1.30843,2.25,3.00
2011.05.30 07:20:19.130,1.30787,1.30843,1.50,3.00
2011.05.30 07:20:19.349,1.30787,1.30843,1.50,3.00
2011.05.30 07:20:19.790,1.30787,1.30843,1.50,3.00
2011.05.30 07:20:20.450,1.30787,1.30843,1.50,3.00
2011.05.30 07:20:20.788,1.30787,1.30843,1.50,3.00
2011.05.30 07:20:21.440,1.30787,1.30843,1.50,3.00
2011.05.30 07:20:21.659,1.30787,1.30843,2.25,3.00
2011.05.30 07:20:22.258,1.30777,1.30843,3.00,5.48
2011.05.30 07:20:22.480,1.30776,1.30834,2.25,2.25
2011.05.30 07:20:22.809,1.30776,1.30834,3.75,3.00
2011.05.30 07:20:22.919,1.30779,1.30834,2.48,3.00
2011.05.30 07:20:23.358,1.30776,1.30834,2.25,2.25
2011.05.30 07:20:24.007,1.30776,1.30834,2.25,2.25
2011.05.30 07:20:34.198,1.30779,1.30834,1.73,2.25
2011.05.30 07:20:34.529,1.30787,1.30836,1.50,1.50
2011.05.30 07:20:37.720,1.30787,1.30836,1.50,1.50
2011.05.30 07:20:38.972,1.30787,1.30835,1.50,1.50
2011.05.30 07:20:39.089,1.30777,1.30832,2.25,1.50
2011.05.30 07:20:39.638,1.30777,1.30833,2.25,2.25
2011.05.30 07:20:44.528,1.30777,1.30833,2.25,2.25
2011.05.30 07:20:47.560,1.30777,1.30833,1.50,2.25
2011.05.30 07:20:48.613,1.30767,1.30823,2.25,2.25
2011.05.30 07:20:49.059,1.30767,1.30823,2.25,2.25
2011.05.30 07:20:49.389,1.30767,1.30823,1.50,2.25
2011.05.30 07:20:49.500,1.30767,1.30823,2.25,2.25
2011.05.30 07:20:49.718,1.30767,1.30823,1.50,2.25
2011.05.30 07:20:50.290,1.30767,1.30823,2.25,2.25
2011.05.30 07:20:52.177,1.3077,1.30823,1.50,2.25
2011.05.30 07:20:53.938,1.30772,1.30823,1.50,2.25
2011.05.30 07:20:54.377,1.30772,1.30823,1.50,2.25
2011.05.30 07:20:58.977,1.30771,1.30823,1.50,2.25
2011.05.30 07:21:01.878,1.30776,1.3083,2.25,1.35
2011.05.30 07:21:02.741,1.30776,1.3083,2.25,1.35
2011.05.30 07:21:03.510,1.30776,1.30824,1.50,1.50
2011.05.30 07:21:03.850,1.30766,1.30824,2.25,3.00
2011.05.30 07:21:05.051,1.30766,1.30824,2.25,3.00
2011.05.30 07:21:05.608,1.30766,1.30824,2.25,3.00
2011.05.30 07:21:07.078,1.30766,1.30824,2.25,3.00
2011.05.30 07:21:10.881,1.30766,1.30824,3.00,3.00
2011.05.30 07:21:11.110,1.30766,1.30824,1.50,5.48
2011.05.30 07:21:11.444,1.30766,1.30824,3.98,2.25
2011.05.30 07:21:11.668,1.30766,1.30824,2.25,2.25
2011.05.30 07:21:12.222,1.30766,1.30824,2.25,2.25
2011.05.30 07:21:12.780,1.30776,1.30825,1.50,1.50
2011.05.30 07:21:13.338,1.30776,1.30825,1.50,1.50
2011.05.30 07:21:14.439,1.30776,1.30825,1.50,1.50
2011.05.30 07:21:16.569,1.30767,1.30817,1.50,2.48
2011.05.30 07:21:16.681,1.30767,1.30817,1.50,2.48
2011.05.30 07:21:17.130,1.30757,1.30813,1.50,3.00
2011.05.30 07:21:18.036,1.30757,1.30813,1.50,3.00
2011.05.30 07:21:20.648,1.30757,1.30813,2.25,3.00
2011.05.30 07:21:20.760,1.30766,1.30813,1.50,1.50
2011.05.30 07:21:20.979,1.30766,1.30818,1.50,1.50
2011.05.30 07:21:21.527,1.30766,1.30818,1.50,1.50
2011.05.30 07:21:21.880,1.30766,1.30818,1.50,1.50
2011.05.30 07:21:23.719,1.30757,1.30813,1.50,2.25
2011.05.30 07:21:28.328,1.30757,1.30813,1.50,2.25
2011.05.30 07:21:42.097,1.30756,1.30814,1.50,2.25
2011.05.30 07:21:45.958,1.30756,1.30809,2.25,1.50
2011.05.30 07:21:46.289,1.30756,1.30814,3.00,3.00
2011.05.30 07:21:46.618,1.30767,1.30814,1.50,1.50
2011.05.30 07:21:46.838,1.30767,1.30818,1.50,1.50
2011.05.30 07:21:47.057,1.30767,1.30818,1.50,1.50
2011.05.30 07:21:47.679,1.30767,1.30818,1.50,1.50
2011.05.30 07:21:49.417,1.30767,1.30813,1.50,1.50
2011.05.30 07:21:53.167,1.30767,1.30813,1.50,1.50
2011.05.30 07:21:55.669,1.30767,1.30816,1.50,1.50
2011.05.30 07:21:55.779,1.30767,1.30816,1.50,1.50
2011.05.30 07:21:56.483,1.30767,1.30816,1.50,1.50
2011.05.30 07:22:00.959,1.30767,1.30821,1.50,1.50
2011.05.30 07:22:02.139,1.30767,1.30821,1.50,1.50
2011.05.30 07:22:04.048,1.30767,1.30821,1.50,1.50
2011.05.30 07:22:05.639,1.30767,1.30821,1.50,1.50
2011.05.30 07:22:05.752,1.30767,1.30821,1.50,1.50
2011.05.30 07:22:06.307,1.30767,1.30821,1.50,1.50
2011.05.30 07:22:06.668,1.30767,1.30821,1.50,1.50
2011.05.30 07:22:06.891,1.30776,1.30825,1.50,1.50
2011.05.30 07:22:07.120,1.30776,1.30825,1.50,1.50
2011.05.30 07:22:07.561,1.30776,1.30829,1.50,1.50
2011.05.30 07:22:07.899,1.30767,1.30824,1.50,2.48
2011.05.30 07:22:08.121,1.30757,1.30813,2.25,2.25
2011.05.30 07:22:10.759,1.30757,1.30813,3.00,2.25
2011.05.30 07:22:11.569,1.30757,1.30812,1.50,2.48
2011.05.30 07:22:15.280,1.30757,1.30813,2.25,2.25
2011.05.30 07:22:15.499,1.30757,1.30813,2.25,2.25
2011.05.30 07:22:23.227,1.30761,1.30813,1.50,2.25
2011.05.30 07:22:23.337,1.30762,1.30813,1.50,2.25
2011.05.30 07:22:29.959,1.30757,1.30814,1.50,2.25
2011.05.30 07:22:30.071,1.30757,1.30814,1.35,2.25
2011.05.30 07:22:30.300,1.30756,1.30809,2.10,2.48
2011.05.30 07:22:30.628,1.30756,1.30801,1.50,1.35
2011.05.30 07:22:32.389,1.30756,1.30801,1.50,1.35
2011.05.30 07:22:33.199,1.30756,1.30801,1.50,1.35
2011.05.30 07:22:35.277,1.30756,1.30801,1.50,1.35
2011.05.30 07:22:35.819,1.30756,1.30801,1.50,1.35
2011.05.30 07:22:36.526,1.30746,1.30788,1.50,1.35
2011.05.30 07:22:37.298,1.30746,1.30788,1.50,1.35
2011.05.30 07:22:38.070,1.30746,1.30788,2.25,1.35
2011.05.30 07:22:38.178,1.30746,1.30788,1.50,1.35
2011.05.30 07:22:38.617,1.30757,1.30798,1.50,1.35
2011.05.30 07:22:39.769,1.30757,1.30798,1.50,1.35
2011.05.30 07:22:40.318,1.30746,1.30798,1.50,1.35
2011.05.30 07:22:41.097,1.30746,1.30798,2.25,1.35
2011.05.30 07:22:45.458,1.30747,1.30798,1.50,1.35
2011.05.30 07:22:54.459,1.30749,1.30804,1.35,2.25
2011.05.30 07:22:54.790,1.30756,1.30805,1.50,1.35
2011.05.30 07:22:55.338,1.30756,1.30805,2.25,1.35
2011.05.30 07:22:59.417,1.30756,1.30805,1.50,1.35
2011.05.30 07:23:00.031,1.30746,1.308,3.98,1.50
2011.05.30 07:23:00.152,1.30746,1.308,1.50,1.50
2011.05.30 07:23:00.379,1.30737,1.30793,2.25,2.25
2011.05.30 07:23:00.708,1.30738,1.30793,2.48,2.25
2011.05.30 07:23:04.548,1.30746,1.30793,1.50,2.25
2011.05.30 07:23:04.769,1.30738,1.30793,2.48,2.25
2011.05.30 07:23:04.989,1.30737,1.30793,2.25,2.25
2011.05.30 07:23:07.879,1.30733,1.30784,2.48,2.25
2011.05.30 07:23:09.089,1.30731,1.30784,1.50,2.25
2011.05.30 07:23:09.530,1.3074,1.30794,3.00,2.25
2011.05.30 07:23:09.859,1.30738,1.30794,4.73,2.25
2011.05.30 07:23:10.079,1.30736,1.30794,2.25,2.25
2011.05.30 07:23:10.408,1.30746,1.30794,1.35,2.25
2011.05.30 07:23:10.521,1.30746,1.30794,1.35,2.25
2011.05.30 07:23:12.018,1.30746,1.30794,1.35,2.25
2011.05.30 07:23:21.078,1.30746,1.30804,3.60,2.25
2011.05.30 07:23:29.909,1.30746,1.30804,2.85,2.25
2011.05.30 07:23:30.489,1.30746,1.30804,2.85,2.25
2011.05.30 07:23:30.819,1.30746,1.30804,2.85,2.25
2011.05.30 07:23:31.489,1.30746,1.30804,2.85,2.25
2011.05.30 07:23:31.818,1.30746,1.30804,2.85,2.25
2011.05.30 07:23:32.038,1.30746,1.30804,2.10,2.25
2011.05.30 07:23:32.588,1.30746,1.30799,1.50,1.50
2011.05.30 07:23:37.318,1.30746,1.30795,1.50,1.50
2011.05.30 07:23:37.538,1.30746,1.30795,1.50,1.50
2011.05.30 07:23:38.518,1.30746,1.30795,1.50,1.50
2011.05.30 07:23:39.108,1.30746,1.30795,1.50,1.50
2011.05.30 07:23:39.547,1.30746,1.30795,1.50,1.50
2011.05.30 07:23:40.438,1.30746,1.30795,1.50,1.50
2011.05.30 07:23:41.038,1.30746,1.30795,1.50,1.50
2011.05.30 07:23:41.149,1.30746,1.30795,1.50,1.50
2011.05.30 07:23:43.840,1.30737,1.30788,2.25,1.50
2011.05.30 07:23:43.952,1.30737,1.30788,2.25,1.50
2011.05.30 07:23:44.179,1.30736,1.30788,1.50,1.50
2011.05.30 07:23:44.397,1.30736,1.30788,2.25,1.50
2011.05.30 07:23:45.487,1.30736,1.30788,1.50,1.50
2011.05.30 07:23:46.000,1.30727,1.30782,2.48,1.50
2011.05.30 07:23:46.109,1.30727,1.30779,2.48,1.50
2011.05.30 07:23:46.438,1.30726,1.30779,2.25,1.50
2011.05.30 07:23:47.124,1.30719,1.30773,1.35,2.25
2011.05.30 07:23:48.040,1.30717,1.30773,2.10,3.00
2011.05.30 07:23:48.149,1.30717,1.30772,1.50,2.48
2011.05.30 07:23:48.263,1.30717,1.30767,1.50,2.48
2011.05.30 07:23:48.491,1.30726,1.30782,2.25,2.48
2011.05.30 07:23:49.528,1.30723,1.30774,1.35,2.25
2011.05.30 07:23:50.660,1.30718,1.30774,1.35,2.25
2011.05.30 07:23:50.879,1.30722,1.30774,1.35,2.25
2011.05.30 07:23:52.788,1.30737,1.30794,1.35,3.00
2011.05.30 07:23:53.628,1.30736,1.3079,2.10,2.48
2011.05.30 07:23:53.957,1.30737,1.30794,1.35,2.25
2011.05.30 07:23:55.520,1.30736,1.30794,2.10,2.25
2011.05.30 07:23:55.631,1.30737,1.30794,1.35,2.25
2011.05.30 07:23:55.958,1.30737,1.30794,1.35,2.25
2011.05.30 07:23:56.647,1.30742,1.30794,1.35,2.25
2011.05.30 07:23:57.829,1.30737,1.30794,1.35,2.25
2011.05.30 07:23:58.379,1.30746,1.30794,1.35,2.25
2011.05.30 07:23:59.038,1.30746,1.30803,2.10,1.50
2011.05.30 07:24:05.679,1.30743,1.30794,1.35,2.25
2011.05.30 07:24:06.339,1.30746,1.30802,2.10,1.50
2011.05.30 07:24:06.889,1.30746,1.30803,2.10,2.48
2011.05.30 07:24:07.218,1.30746,1.30804,2.85,2.25
2011.05.30 07:24:07.769,1.30748,1.30804,1.35,2.25
2011.05.30 07:24:07.989,1.30749,1.30804,1.35,2.25
2011.05.30 07:24:08.429,1.30757,1.30813,2.25,2.25
2011.05.30 07:24:08.978,1.30757,1.30812,2.25,1.35
2011.05.30 07:24:09.308,1.30757,1.30812,1.50,1.35
2011.05.30 07:24:21.347,1.30757,1.30812,1.50,1.35
2011.05.30 07:24:26.227,1.30756,1.30812,1.50,1.35
2011.05.30 07:24:26.448,1.30756,1.30812,1.50,1.35
2011.05.30 07:24:30.069,1.30756,1.30812,1.50,1.35
2011.05.30 07:24:30.499,1.30751,1.30803,1.50,2.25
2011.05.30 07:24:31.118,1.30747,1.30803,2.25,2.25
2011.05.30 07:24:33.178,1.30747,1.30803,2.25,2.25
2011.05.30 07:24:33.948,1.30738,1.30794,1.56,2.25
2011.05.30 07:24:34.868,1.30738,1.30794,1.56,2.25
2011.05.30 07:24:35.091,1.30746,1.30802,1.50,2.48
2011.05.30 07:24:35.428,1.30746,1.30804,2.25,2.25
2011.05.30 07:24:42.041,1.30746,1.30802,1.50,1.50
2011.05.30 07:24:42.150,1.30746,1.30802,1.50,1.50
2011.05.30 07:24:42.881,1.30742,1.30793,2.10,2.25
2011.05.30 07:24:44.761,1.30747,1.30803,2.10,2.25
2011.05.30 07:24:44.881,1.30747,1.30803,2.10,2.25
2011.05.30 07:24:45.108,1.30747,1.30803,2.10,2.25
2011.05.30 07:24:45.938,1.30747,1.30803,2.10,2.25
2011.05.30 07:24:55.818,1.30748,1.30803,1.35,2.25
2011.05.30 07:25:05.410,1.30746,1.30804,2.85,2.25
2011.05.30 07:25:05.739,1.30748,1.30804,1.35,2.25
2011.05.30 07:25:08.838,1.30746,1.30804,2.85,2.25
2011.05.30 07:25:09.958,1.30746,1.30804,3.60,2.25
2011.05.30 07:25:10.731,1.30749,1.30804,1.35,2.25
2011.05.30 07:25:10.839,1.30752,1.30804,1.35,1.50
2011.05.30 07:25:12.350,1.30752,1.30804,1.35,2.25
2011.05.30 07:25:12.789,1.30757,1.30813,2.10,2.25
2011.05.30 07:25:12.900,1.3076,1.30813,1.35,2.25
2011.05.30 07:25:16.698,1.30761,1.30813,1.50,2.25
2011.05.30 07:25:18.828,1.30757,1.30813,2.25,2.25
2011.05.30 07:25:32.888,1.30756,1.30814,3.00,2.25
2011.05.30 07:25:33.239,1.30756,1.30814,1.50,2.25
2011.05.30 07:25:33.460,1.30756,1.30813,2.25,2.48
2011.05.30 07:25:35.379,1.30756,1.30814,2.25,2.33
2011.05.30 07:25:35.821,1.30759,1.30814,1.35,2.33
2011.05.30 07:25:41.771,1.30767,1.30816,1.50,1.54
2011.05.30 07:25:42.109,1.30767,1.30816,1.50,1.54
2011.05.30 07:25:42.661,1.30767,1.30816,2.25,1.54
2011.05.30 07:25:43.540,1.30767,1.30817,1.50,1.69
2011.05.30 07:25:43.762,1.30762,1.30817,2.68,1.69
2011.05.30 07:25:44.101,1.30771,1.30816,1.35,1.27
2011.05.30 07:25:44.550,1.30776,1.3082,2.25,1.27
2011.05.30 07:25:45.438,1.30781,1.30823,1.35,1.27
2011.05.30 07:25:46.061,1.30787,1.30822,1.50,1.21
2011.05.30 07:25:57.977,1.30781,1.30819,1.35,1.21
2011.05.30 07:25:59.298,1.30781,1.30821,2.10,1.21
2011.05.30 07:26:02.529,1.30786,1.30821,1.50,1.21
2011.05.30 07:26:07.288,1.30781,1.30822,2.10,1.21
2011.05.30 07:26:12.242,1.30786,1.30822,1.50,1.21
2011.05.30 07:26:16.529,1.30782,1.30822,1.50,1.21
2011.05.30 07:26:20.740,1.30782,1.30824,1.50,1.21
2011.05.30 07:26:20.959,1.30782,1.30822,1.50,1.21
2011.05.30 07:26:22.920,1.30781,1.30829,2.10,1.56
2011.05.30 07:26:23.254,1.30787,1.30821,1.50,1.03
2011.05.30 07:26:23.590,1.30781,1.30826,2.31,1.09
2011.05.30 07:26:23.922,1.30787,1.30827,1.50,1.05
2011.05.30 07:26:24.841,1.30787,1.30826,1.50,1.06
2011.05.30 07:26:26.050,1.30782,1.30826,1.50,1.03
2011.05.30 07:26:26.273,1.30777,1.30826,1.50,1.03
2011.05.30 07:26:26.828,1.30777,1.30825,1.50,1.68
2011.05.30 07:26:27.269,1.30767,1.30823,1.50,2.42
2011.05.30 07:26:27.377,1.30767,1.30823,1.50,2.42
2011.05.30 07:26:29.740,1.30767,1.30823,2.25,2.42
2011.05.30 07:26:30.288,1.30767,1.30823,1.50,2.49
2011.05.30 07:26:31.829,1.30767,1.30823,2.25,2.49
2011.05.30 07:26:32.317,1.30767,1.30823,1.50,2.49
2011.05.30 07:26:32.974,1.30767,1.30823,1.50,2.49
2011.05.30 07:26:35.179,1.30767,1.30823,1.50,2.49
2011.05.30 07:26:35.398,1.30767,1.30823,1.50,2.49
2011.05.30 07:26:45.210,1.30766,1.30824,1.50,3.24
2011.05.30 07:26:52.042,1.30766,1.30824,2.10,3.24
2011.05.30 07:26:52.379,1.3077,1.30824,1.35,2.49
2011.05.30 07:27:12.961,1.30766,1.30824,1.50,3.24
2011.05.30 07:27:13.190,1.30766,1.30817,1.50,1.56
2011.05.30 07:27:13.299,1.30756,1.30814,2.25,2.33
2011.05.30 07:27:13.408,1.30756,1.30814,2.25,4.05
2011.05.30 07:27:13.740,1.30767,1.30823,1.50,4.94
2011.05.30 07:27:14.071,1.30767,1.30823,1.50,7.19
2011.05.30 07:27:18.257,1.30767,1.30823,1.50,4.94
2011.05.30 07:27:18.809,1.30767,1.30823,2.25,4.94
2011.05.30 07:27:26.213,1.30767,1.30817,1.50,1.04
2011.05.30 07:27:26.439,1.30767,1.30823,1.50,2.41
2011.05.30 07:27:27.086,1.30767,1.30823,1.50,2.42
2011.05.30 07:27:28.007,1.30767,1.30823,1.50,2.48
2011.05.30 07:27:29.881,1.30767,1.30823,1.50,2.40
2011.05.30 07:27:37.119,1.30767,1.30823,1.50,2.50
2011.05.30 07:27:37.667,1.30767,1.30817,1.50,1.01
2011.05.30 07:27:38.860,1.30767,1.30823,1.50,2.47
2011.05.30 07:27:39.080,1.30761,1.30813,1.50,2.33
2011.05.30 07:27:39.410,1.30759,1.30813,1.35,2.33
2011.05.30 07:27:39.630,1.30757,1.30813,1.50,4.05
2011.05.30 07:27:39.849,1.30751,1.30803,1.50,2.25
2011.05.30 07:27:41.519,1.30749,1.30803,2.48,1.50
2011.05.30 07:27:43.670,1.30756,1.30814,2.25,2.33
2011.05.30 07:27:44.402,1.30756,1.30814,2.25,2.33
2011.05.30 07:27:44.961,1.30756,1.30814,3.00,2.33
2011.05.30 07:27:48.056,1.30761,1.30814,1.50,2.33
2011.05.30 07:28:01.608,1.30761,1.30814,1.50,2.33
2011.05.30 07:28:04.418,1.30762,1.30813,1.50,1.58
2011.05.30 07:28:10.179,1.30767,1.30823,1.50,2.48
2011.05.30 07:28:11.218,1.30767,1.30823,2.25,2.41
2011.05.30 07:28:13.697,1.30767,1.30823,2.25,2.41
2011.05.30 07:28:20.239,1.30767,1.30823,2.25,2.41
2011.05.30 07:28:22.004,1.30767,1.30816,1.50,1.04
2011.05.30 07:28:23.230,1.30767,1.30823,2.25,2.46
2011.05.30 07:28:35.810,1.30767,1.30823,2.25,2.43
2011.05.30 07:28:36.250,1.30767,1.30823,1.50,2.46
2011.05.30 07:28:36.468,1.30762,1.30813,1.50,1.58
2011.05.30 07:28:47.171,1.30762,1.30813,1.50,2.33
2011.05.30 07:28:47.390,1.30762,1.30813,1.50,2.33
2011.05.30 07:28:47.719,1.30757,1.30813,3.00,2.33
2011.05.30 07:28:50.463,1.30757,1.30813,2.85,2.33
2011.05.30 07:28:51.616,1.30757,1.30813,2.85,2.33
2011.05.30 07:28:52.060,1.30751,1.30803,1.35,2.25
2011.05.30 07:28:52.499,1.30751,1.30803,1.35,2.25
2011.05.30 07:29:04.023,1.30783,1.30823,1.35,1.71
2011.05.30 07:29:04.253,1.30783,1.30826,1.35,1.14
2011.05.30 07:29:04.479,1.30777,1.30826,2.10,1.14
2011.05.30 07:29:04.809,1.30777,1.30826,2.10,1.14
2011.05.30 07:29:05.358,1.30777,1.30826,1.50,1.14
2011.05.30 07:29:13.529,1.30767,1.30823,2.10,2.46
2011.05.30 07:29:17.480,1.30767,1.30816,1.50,1.01
2011.05.30 07:29:26.600,1.30767,1.30816,3.23,1.05
2011.05.30 07:29:27.040,1.30777,1.30816,1.50,1.05
2011.05.30 07:29:28.025,1.30777,1.30816,1.50,1.05
2011.05.30 07:29:31.459,1.30777,1.30816,1.50,1.05
2011.05.30 07:29:32.101,1.30777,1.30816,1.50,1.05
2011.05.30 07:29:33.449,1.30777,1.30816,1.50,1.05
2011.05.30 07:29:34.795,1.30777,1.30826,2.25,1.08
2011.05.30 07:29:36.140,1.30777,1.30819,2.25,1.01
2011.05.30 07:29:36.828,1.30777,1.30826,2.25,1.08
2011.05.30 07:29:37.540,1.30777,1.30827,2.25,1.04
2011.05.30 07:29:40.810,1.30767,1.30817,2.25,1.03
2011.05.30 07:29:41.029,1.30767,1.30823,2.25,2.44
2011.05.30 07:29:41.251,1.30767,1.30817,2.25,1.04
2011.05.30 07:29:41.800,1.30756,1.30814,2.25,2.33
2011.05.30 07:29:41.910,1.30756,1.30813,2.25,2.55
2011.05.30 07:29:42.790,1.30752,1.30803,1.50,1.50
2011.05.30 07:29:43.120,1.30752,1.30803,1.50,1.50
2011.05.30 07:29:43.727,1.30757,1.30813,2.25,2.33
2011.05.30 07:29:43.846,1.30766,1.30824,2.25,2.49
2011.05.30 07:29:45.284,1.30766,1.30824,2.25,2.49
2011.05.30 07:29:47.728,1.30766,1.30824,2.25,2.49
2011.05.30 07:29:48.290,1.30754,1.30808,2.48,1.58
2011.05.30 07:29:48.731,1.30749,1.30803,1.71,1.50
2011.05.30 07:29:49.396,1.30757,1.30813,2.25,2.33
2011.05.30 07:29:50.878,1.30761,1.30813,1.50,2.33
2011.05.30 07:29:51.209,1.30761,1.30813,1.50,1.58
2011.05.30 07:29:52.421,1.30761,1.30803,1.50,1.50
2011.05.30 07:29:52.751,1.30757,1.30803,1.50,1.50
2011.05.30 07:29:52.971,1.30757,1.30803,1.50,1.50
2011.05.30 07:29:53.090,1.30757,1.30814,1.50,2.33
2011.05.30 07:29:53.309,1.30757,1.30814,3.75,1.58
2011.05.30 07:30:03.021,1.30762,1.30814,1.50,1.58
2011.05.30 07:30:03.641,1.30762,1.30814,1.50,1.58
2011.05.30 07:30:03.987,1.30769,1.30824,1.50,1.79
2011.05.30 07:30:04.214,1.30777,1.3082,2.25,1.04
2011.05.30 07:30:06.490,1.30777,1.30826,2.25,1.03
2011.05.30 07:30:12.589,1.30771,1.30824,1.50,2.43
2011.05.30 07:30:16.331,1.30771,1.30824,1.50,2.49
2011.05.30 07:30:17.419,1.30777,1.30826,2.25,1.14
2011.05.30 07:30:17.750,1.30777,1.30827,2.25,1.08
2011.05.30 07:30:18.518,1.30777,1.30829,2.25,1.08
2011.05.30 07:30:21.427,1.30777,1.30829,2.25,1.23
2011.05.30 07:30:22.085,1.30777,1.30831,2.25,1.08
2011.05.30 07:30:22.309,1.30777,1.30833,2.25,2.25
2011.05.30 07:30:22.421,1.30777,1.30833,2.25,1.50
2011.05.30 07:30:22.972,1.30786,1.30844,2.25,2.25
2011.05.30 07:30:23.639,1.30786,1.30844,2.25,3.98
2011.05.30 07:30:25.499,1.30786,1.3084,2.25,2.48
2011.05.30 07:30:26.048,1.30777,1.30833,3.00,2.25
2011.05.30 07:30:32.959,1.30786,1.30842,2.25,2.48
2011.05.30 07:30:39.829,1.30786,1.30842,1.50,2.48
2011.05.30 07:30:39.941,1.30776,1.30834,2.25,2.25
2011.05.30 07:30:40.050,1.30776,1.30834,2.25,2.25
2011.05.30 07:30:40.382,1.30776,1.3083,2.25,2.48
2011.05.30 07:30:40.718,1.30771,1.30824,1.50,2.25
2011.05.30 07:30:41.049,1.30771,1.30824,1.50,2.25
2011.05.30 07:30:43.379,1.30771,1.30824,1.50,2.25
2011.05.30 07:30:44.168,1.30777,1.30833,2.25,2.25
2011.05.30 07:30:44.502,1.30787,1.3084,1.50,1.50
2011.05.30 07:30:44.740,1.30777,1.30833,2.25,2.25
2011.05.30 07:30:54.320,1.30787,1.30836,2.25,2.48
2011.05.30 07:30:54.539,1.30787,1.3084,1.50,1.50
2011.05.30 07:30:54.759,1.30787,1.30836,1.50,2.48
2011.05.30 07:30:57.511,1.30776,1.30834,2.25,2.25
2011.05.30 07:30:59.109,1.3077,1.30824,3.00,2.25
2011.05.30 07:31:00.908,1.30771,1.30824,1.50,2.25
2011.05.30 07:31:01.909,1.30771,1.30824,1.50,2.25
2011.05.30 07:31:03.420,1.30771,1.30824,1.50,2.25
2011.05.30 07:31:03.859,1.30772,1.30824,1.50,2.25
2011.05.30 07:31:05.244,1.30776,1.30834,3.00,2.25
2011.05.30 07:31:06.129,1.30776,1.30834,3.00,2.25
2011.05.30 07:31:10.551,1.30776,1.30834,3.00,2.25
2011.05.30 07:31:10.880,1.30787,1.30843,2.25,2.25
2011.05.30 07:31:11.208,1.30787,1.30843,2.25,2.25
2011.05.30 07:31:11.540,1.30787,1.30843,2.25,2.25
2011.05.30 07:31:12.199,1.30787,1.30842,2.25,2.48
2011.05.30 07:31:16.461,1.30786,1.30844,2.25,2.25
2011.05.30 07:31:16.570,1.30786,1.30844,2.25,2.25
2011.05.30 07:31:20.180,1.30786,1.30844,2.25,2.25
2011.05.30 07:31:20.401,1.30786,1.30841,2.25,2.48
2011.05.30 07:31:20.621,1.30786,1.30844,2.25,2.25
2011.05.30 07:31:23.348,1.30786,1.30844,3.00,2.25
2011.05.30 07:31:31.179,1.30786,1.30844,3.00,2.25
2011.05.30 07:31:31.728,1.30786,1.30844,3.00,2.25
2011.05.30 07:31:35.425,1.30787,1.30843,3.00,2.25
2011.05.30 07:31:46.519,1.30787,1.30843,3.00,2.25
2011.05.30 07:31:51.218,1.30797,1.30853,3.00,2.25
2011.05.30 07:31:51.550,1.30797,1.30853,2.25,2.25
2011.05.30 07:31:51.878,1.30797,1.30853,2.25,2.25
2011.05.30 07:31:52.210,1.30797,1.30853,2.25,2.25
2011.05.30 07:31:52.540,1.30797,1.30853,2.25,2.25
2011.05.30 07:32:02.218,1.30796,1.30843,1.50,2.25
2011.05.30 07:32:12.234,1.30797,1.30847,2.25,2.48
2011.05.30 07:32:12.460,1.30797,1.30853,2.25,2.25
2011.05.30 07:32:18.689,1.30797,1.30853,1.50,2.25
2011.05.30 07:32:19.349,1.30797,1.30853,2.25,2.25
2011.05.30 07:32:25.031,1.30788,1.30843,1.35,2.25
2011.05.30 07:32:37.233,1.30776,1.30834,2.25,2.25
2011.05.30 07:32:37.569,1.30776,1.3083,2.25,2.48
2011.05.30 07:32:38.120,1.30776,1.3083,2.25,2.48
2011.05.30 07:32:38.833,1.30776,1.3083,2.25,2.48
2011.05.30 07:32:39.063,1.30777,1.30833,2.25,1.50
2011.05.30 07:32:39.290,1.30777,1.30833,2.25,1.50
2011.05.30 07:32:45.178,1.30786,1.30842,2.25,1.50
2011.05.30 07:32:45.291,1.30786,1.30843,2.25,1.50
2011.05.30 07:32:45.619,1.30787,1.30844,1.50,2.25
2011.05.30 07:32:46.266,1.30786,1.30842,2.25,2.48
2011.05.30 07:32:48.549,1.30786,1.30842,2.25,2.48
2011.05.30 07:32:49.790,1.30781,1.30834,1.50,1.50
2011.05.30 07:32:55.439,1.30787,1.30842,1.50,2.48
2011.05.30 07:32:55.660,1.30787,1.30844,1.50,2.25
2011.05.30 07:32:55.880,1.30786,1.30841,2.25,2.48
2011.05.30 07:32:59.240,1.30786,1.30844,2.25,2.25
2011.05.30 07:32:59.680,1.30786,1.30843,2.25,2.48
2011.05.30 07:32:59.903,1.30786,1.30837,2.25,1.50
2011.05.30 07:33:00.132,1.30777,1.30831,2.25,2.48
2011.05.30 07:33:00.471,1.30767,1.30823,2.25,2.25
2011.05.30 07:33:00.590,1.30767,1.30823,2.25,2.25
2011.05.30 07:33:00.922,1.30767,1.30823,2.25,2.25
2011.05.30 07:33:02.420,1.30767,1.30823,2.25,1.50
2011.05.30 07:33:16.308,1.30772,1.30823,1.50,2.25
2011.05.30 07:33:18.060,1.30772,1.30823,1.50,2.25
2011.05.30 07:33:18.388,1.30772,1.30824,1.50,2.25
2011.05.30 07:33:27.142,1.30772,1.30824,1.50,2.25
2011.05.30 07:33:27.481,1.30777,1.30834,1.35,2.25
2011.05.30 07:33:27.924,1.3078,1.30834,3.00,1.50
2011.05.30 07:33:28.260,1.30787,1.30843,2.25,2.25
2011.05.30 07:33:35.683,1.30787,1.30842,2.25,2.48
2011.05.30 07:33:36.129,1.30777,1.30833,3.00,2.25
2011.05.30 07:33:36.570,1.30777,1.30833,3.00,2.25
2011.05.30 07:33:36.901,1.30777,1.3083,2.25,2.48
2011.05.30 07:33:37.426,1.3077,1.30824,1.35,2.25
2011.05.30 07:33:38.750,1.3077,1.30824,1.35,2.25
2011.05.30 07:33:39.696,1.30777,1.30834,1.35,2.25
2011.05.30 07:33:43.200,1.30784,1.30834,1.50,2.25
2011.05.30 07:33:43.309,1.30787,1.30834,1.50,2.25
2011.05.30 07:33:43.532,1.30787,1.30842,1.50,1.50
2011.05.30 07:33:43.868,1.30787,1.30842,1.50,1.50
2011.05.30 07:33:45.349,1.30782,1.30833,1.50,2.25
2011.05.30 07:33:45.459,1.30777,1.30833,2.25,2.25
2011.05.30 07:33:45.876,1.30777,1.30833,2.25,2.25
2011.05.30 07:33:46.282,1.30777,1.3083,2.25,2.48
2011.05.30 07:33:46.829,1.3077,1.30823,1.35,2.25
2011.05.30 07:33:47.429,1.30767,1.30823,2.25,2.25
2011.05.30 07:33:47.760,1.30767,1.30823,2.25,2.25
2011.05.30 07:33:48.090,1.30767,1.30823,2.25,2.25
2011.05.30 07:33:50.531,1.30771,1.30823,1.50,2.25
2011.05.30 07:33:50.859,1.30767,1.30823,2.25,2.25
2011.05.30 07:33:51.410,1.30761,1.30813,1.35,2.25
2011.05.30 07:33:52.324,1.30761,1.30813,2.10,2.25
2011.05.30 07:33:54.591,1.30766,1.30813,1.50,2.25
2011.05.30 07:33:55.399,1.30766,1.30824,3.00,2.25
2011.05.30 07:33:55.948,1.30766,1.30824,3.00,2.25
2011.05.30 07:33:57.664,1.30772,1.30824,1.50,2.25
2011.05.30 07:33:57.779,1.30772,1.30824,1.50,2.25
2011.05.30 07:34:04.300,1.30766,1.30824,2.25,3.98
2011.05.30 07:34:05.771,1.3076,1.30814,1.35,2.25
2011.05.30 07:34:06.390,1.30757,1.30814,1.50,2.25
2011.05.30 07:34:07.016,1.30757,1.30814,1.50,2.25
2011.05.30 07:34:16.339,1.30757,1.30814,1.50,2.25
2011.05.30 07:34:16.675,1.30756,1.30804,2.25,3.00
2011.05.30 07:34:17.010,1.30744,1.30794,1.35,2.25
2011.05.30 07:34:17.340,1.30744,1.30794,1.35,2.25
2011.05.30 07:34:17.670,1.30744,1.30794,1.35,2.25
2011.05.30 07:34:20.625,1.30744,1.30784,1.35,1.50
2011.05.30 07:34:20.742,1.30733,1.30784,1.35,2.25
2011.05.30 07:34:21.519,1.30727,1.30784,1.50,2.25
2011.05.30 07:34:22.439,1.30727,1.30784,1.50,2.25
2011.05.30 07:34:23.259,1.30726,1.30784,3.00,2.25
2011.05.30 07:34:23.592,1.30726,1.30784,3.00,1.50
2011.05.30 07:34:23.928,1.30726,1.30784,3.00,1.50
2011.05.30 07:34:24.040,1.30737,1.30793,2.25,3.98
2011.05.30 07:34:26.229,1.30732,1.30784,1.50,1.50
2011.05.30 07:34:29.165,1.30732,1.30784,1.50,1.50
2011.05.30 07:34:29.612,1.30736,1.30792,2.25,2.48
2011.05.30 07:34:29.840,1.30734,1.30784,1.35,1.50
2011.05.30 07:34:31.031,1.30734,1.30784,1.35,1.50
2011.05.30 07:34:32.380,1.30734,1.30784,1.35,1.50
2011.05.30 07:34:35.001,1.30734,1.30784,1.35,1.50
2011.05.30 07:34:37.630,1.30736,1.30794,2.25,2.25
2011.05.30 07:34:38.179,1.30742,1.30794,1.35,1.50
2011.05.30 07:34:38.290,1.30742,1.30794,1.35,1.50
2011.05.30 07:34:45.389,1.30742,1.3079,1.35,4.50
2011.05.30 07:34:45.611,1.30722,1.30778,1.56,2.48
2011.05.30 07:34:45.720,1.30722,1.30778,1.56,2.48
2011.05.30 07:34:46.050,1.30726,1.30784,2.25,2.25
2011.05.30 07:34:46.380,1.30748,1.30784,1.35,1.50
2011.05.30 07:34:46.710,1.30738,1.30784,1.35,1.50
2011.05.30 07:34:47.039,1.30738,1.30784,1.35,1.50
2011.05.30 07:34:50.299,1.30738,1.30784,1.35,1.50
2011.05.30 07:34:50.519,1.30738,1.30784,1.35,1.50
2011.05.30 07:34:50.629,1.30738,1.30794,1.35,2.25
2011.05.30 07:34:50.959,1.30738,1.30794,1.35,2.25
2011.05.30 07:34:55.103,1.30742,1.30794,1.50,2.25
2011.05.30 07:34:57.389,1.30742,1.30794,1.50,2.25
2011.05.30 07:35:16.031,1.30742,1.30794,1.50,1.50
2011.05.30 07:35:16.739,1.30742,1.30794,1.50,1.50
2011.05.30 07:35:17.068,1.30742,1.30794,1.50,1.50
2011.05.30 07:35:17.519,1.30742,1.30794,1.50,2.25
2011.05.30 07:35:18.173,1.30742,1.30793,1.50,1.50
2011.05.30 07:35:20.761,1.30746,1.30793,1.35,1.50
2011.05.30 07:35:20.979,1.30746,1.30793,1.35,1.50
2011.05.30 07:35:21.311,1.30746,1.30793,1.35,1.50
2011.05.30 07:35:23.564,1.30746,1.30804,2.85,2.25
2011.05.30 07:35:24.256,1.30747,1.30803,2.25,2.25
2011.05.30 07:35:29.063,1.30747,1.30802,2.25,2.48
2011.05.30 07:35:29.510,1.30736,1.30784,1.35,1.50
2011.05.30 07:35:29.971,1.30736,1.30784,1.35,1.50
2011.05.30 07:35:30.301,1.30736,1.30784,1.35,2.25
2011.05.30 07:35:30.523,1.30736,1.30784,1.35,2.25
2011.05.30 07:35:30.749,1.30736,1.30784,1.35,2.25
2011.05.30 07:35:33.354,1.30736,1.30784,1.35,1.50
2011.05.30 07:35:33.908,1.30736,1.30784,1.35,1.50
2011.05.30 07:35:45.842,1.30736,1.30784,1.35,1.50
2011.05.30 07:35:46.389,1.30736,1.30784,1.35,2.25
2011.05.30 07:35:46.751,1.30736,1.30784,1.35,1.50
2011.05.30 07:35:50.510,1.30737,1.30793,2.25,2.25
2011.05.30 07:35:51.404,1.30737,1.30793,2.25,5.10
2011.05.30 07:35:51.740,1.30728,1.30784,1.35,2.25
2011.05.30 07:35:53.422,1.30732,1.30784,1.50,2.25
2011.05.30 07:35:54.570,1.30732,1.30784,1.50,1.50
2011.05.30 07:35:54.901,1.30738,1.30784,1.35,1.50
2011.05.30 07:35:55.010,1.30738,1.30793,1.35,2.25
2011.05.30 07:35:59.180,1.3074,1.30793,1.50,1.50
2011.05.30 07:35:59.830,1.30746,1.30804,2.25,2.25
2011.05.30 07:36:06.091,1.30748,1.30804,1.35,2.25
2011.05.30 07:36:06.528,1.30746,1.30803,2.25,2.48
2011.05.30 07:36:06.970,1.30739,1.30794,1.35,2.25
2011.05.30 07:36:08.928,1.30747,1.30803,2.25,2.25
2011.05.30 07:36:10.002,1.30747,1.30791,2.25,2.25
2011.05.30 07:36:10.878,1.30737,1.30794,2.25,2.25
2011.05.30 07:36:12.109,1.3075,1.30803,1.50,3.23
2011.05.30 07:36:12.330,1.30746,1.30804,2.85,2.25
2011.05.30 07:36:12.769,1.30749,1.30804,1.50,1.50
2011.05.30 07:36:12.989,1.30749,1.30804,1.50,1.50
2011.05.30 07:36:13.209,1.30756,1.30808,2.25,1.35
2011.05.30 07:36:13.540,1.30756,1.30808,2.25,1.35
2011.05.30 07:36:15.571,1.30747,1.30803,3.00,2.25
2011.05.30 07:36:16.482,1.30737,1.30793,3.75,2.25
2011.05.30 07:36:18.969,1.30742,1.30793,1.50,1.50
2011.05.30 07:36:19.080,1.30746,1.30797,2.25,1.35
2011.05.30 07:36:19.629,1.30746,1.30804,2.25,2.25
2011.05.30 07:36:21.330,1.30752,1.30804,1.50,1.50
2011.05.30 07:36:21.769,1.30757,1.30813,2.25,2.25
2011.05.30 07:36:26.991,1.30757,1.30813,2.25,2.25
2011.05.30 07:36:29.269,1.30757,1.30813,2.25,2.25
2011.05.30 07:36:29.774,1.30757,1.30813,2.25,2.25
2011.05.30 07:36:29.891,1.3075,1.30804,2.48,1.50
2011.05.30 07:36:30.111,1.30756,1.30814,2.25,3.98
2011.05.30 07:36:30.339,1.30746,1.30804,2.25,1.50
2011.05.30 07:36:31.599,1.30747,1.30804,1.50,2.25
2011.05.30 07:36:43.003,1.30746,1.30804,2.25,2.25
2011.05.30 07:36:43.340,1.30742,1.30794,2.10,1.50
2011.05.30 07:36:43.560,1.30742,1.30794,2.10,2.25
2011.05.30 07:36:46.492,1.30742,1.30794,2.10,1.50
2011.05.30 07:36:50.220,1.30746,1.30804,2.25,2.25
2011.05.30 07:36:50.761,1.30746,1.30796,2.25,1.35
2011.05.30 07:36:51.200,1.30737,1.30794,1.50,2.25
2011.05.30 07:36:51.970,1.30743,1.30794,1.50,1.50
2011.05.30 07:36:52.521,1.30736,1.30794,2.25,2.25
2011.05.30 07:37:02.851,1.30748,1.30812,2.48,1.50
2011.05.30 07:37:03.070,1.30747,1.30802,2.25,2.48
2011.05.30 07:37:05.269,1.30751,1.30802,2.10,2.48
2011.05.30 07:37:05.599,1.30747,1.30801,2.25,2.48
2011.05.30 07:37:05.820,1.30747,1.30801,2.25,2.48
2011.05.30 07:37:06.510,1.30747,1.30801,2.25,2.48
2011.05.30 07:37:07.531,1.30751,1.30801,1.50,1.73
2011.05.30 07:37:07.640,1.30748,1.30803,2.48,1.50
2011.05.30 07:37:07.859,1.30747,1.30801,2.25,1.73
2011.05.30 07:37:08.079,1.30747,1.30801,2.25,2.48
2011.05.30 07:37:18.793,1.30737,1.3079,2.25,1.50
2011.05.30 07:37:19.021,1.30737,1.30784,2.25,1.73
2011.05.30 07:37:19.130,1.30737,1.30789,2.25,3.00
2011.05.30 07:37:19.240,1.30737,1.3079,2.25,2.48
2011.05.30 07:37:20.982,1.30727,1.30783,3.00,3.98
2011.05.30 07:37:21.550,1.30727,1.30783,2.25,3.98
2011.05.30 07:37:22.281,1.30736,1.30791,2.25,2.10
2011.05.30 07:37:22.500,1.30736,1.30788,2.25,2.48
2011.05.30 07:37:22.831,1.30727,1.30783,2.25,2.25
2011.05.30 07:37:23.159,1.30727,1.30783,2.25,2.25
2011.05.30 07:37:25.191,1.30727,1.30783,2.25,2.25
2011.05.30 07:37:28.412,1.30722,1.30774,1.50,1.50
2011.05.30 07:37:28.751,1.30726,1.30784,2.25,2.25
2011.05.30 07:37:29.699,1.30726,1.30784,2.25,2.25
2011.05.30 07:37:32.989,1.30726,1.30784,2.25,3.98
2011.05.30 07:37:35.079,1.30716,1.30774,2.25,2.25
2011.05.30 07:37:39.040,1.30716,1.30774,3.75,2.25
2011.05.30 07:37:39.262,1.30728,1.30781,1.50,1.73
2011.05.30 07:37:39.489,1.30728,1.30784,1.50,1.50
2011.05.30 07:37:39.603,1.30736,1.30794,2.25,2.25
2011.05.30 07:37:39.940,1.30737,1.30794,2.48,1.50
2011.05.30 07:37:40.269,1.30744,1.30794,3.23,1.50
2011.05.30 07:37:40.379,1.30746,1.30804,2.25,4.50
2011.05.30 07:37:42.231,1.30744,1.30804,3.23,2.25
2011.05.30 07:37:43.512,1.30746,1.30799,1.50,2.48
2011.05.30 07:37:44.032,1.30746,1.30799,2.25,2.48
2011.05.30 07:37:44.372,1.30737,1.30793,2.25,2.25
2011.05.30 07:37:44.492,1.30737,1.30793,2.25,2.25
2011.05.30 07:37:47.172,1.30737,1.30793,2.25,2.25
2011.05.30 07:37:47.291,1.30727,1.30783,2.25,2.25
2011.05.30 07:37:47.619,1.30729,1.30783,1.50,1.50
2011.05.30 07:37:47.949,1.30727,1.30783,2.25,2.25
2011.05.30 07:37:58.569,1.30728,1.30783,1.50,1.50
2011.05.30 07:37:58.679,1.30728,1.30783,1.50,2.25
2011.05.30 07:38:00.133,1.30727,1.30783,3.00,2.25
2011.05.30 07:38:04.121,1.30727,1.30783,2.25,2.25
2011.05.30 07:38:08.793,1.30728,1.30783,1.50,1.50
2011.05.30 07:38:15.557,1.30727,1.30783,2.25,2.25
2011.05.30 07:38:15.780,1.30727,1.30783,2.25,2.25
2011.05.30 07:38:15.999,1.30727,1.30783,2.25,2.25
2011.05.30 07:38:19.028,1.30726,1.30784,3.00,2.25
2011.05.30 07:38:22.546,1.30726,1.30784,3.00,2.25
2011.05.30 07:38:23.212,1.30727,1.30784,1.50,1.50
2011.05.30 07:38:23.999,1.30727,1.30784,1.50,2.25
2011.05.30 07:38:27.472,1.30721,1.30774,1.71,1.50
2011.05.30 07:38:27.591,1.30721,1.30774,1.71,1.50
2011.05.30 07:38:27.920,1.30717,1.30774,1.71,2.25
2011.05.30 07:38:28.250,1.30719,1.30783,1.50,2.25
2011.05.30 07:38:28.469,1.30726,1.30784,2.25,2.25
2011.05.30 07:38:29.324,1.30726,1.30784,2.25,2.25
2011.05.30 07:38:30.079,1.30722,1.30774,1.50,1.50
2011.05.30 07:38:34.429,1.30727,1.30774,1.50,1.50
2011.05.30 07:38:34.542,1.30727,1.30784,1.50,2.25
2011.05.30 07:38:35.330,1.30727,1.30784,1.50,2.25
2011.05.30 07:38:35.768,1.30727,1.30784,2.25,1.50
2011.05.30 07:38:35.993,1.30738,1.30793,1.50,1.73
2011.05.30 07:38:36.550,1.30737,1.30794,1.50,2.25
2011.05.30 07:38:37.221,1.30736,1.30794,2.25,2.25
2011.05.30 07:38:43.270,1.30727,1.30784,1.50,2.85
2011.05.30 07:38:43.490,1.30726,1.30784,2.25,2.85
2011.05.30 07:38:43.600,1.30726,1.3078,2.25,1.35
2011.05.30 07:38:49.220,1.30731,1.30784,1.50,2.25
2011.05.30 07:38:49.550,1.30736,1.30786,2.25,1.35
2011.05.30 07:38:50.979,1.30736,1.30789,2.25,1.35
2011.05.30 07:38:51.200,1.30736,1.30785,2.25,1.35
2011.05.30 07:38:51.749,1.30736,1.30785,2.25,1.35
2011.05.30 07:38:55.117,1.30727,1.30783,2.25,2.25
2011.05.30 07:38:55.459,1.30737,1.30785,2.25,1.35
2011.05.30 07:38:57.650,1.30737,1.30785,2.25,1.35
2011.05.30 07:38:59.551,1.30737,1.30787,2.25,1.35
2011.05.30 07:39:05.150,1.30731,1.30783,1.50,1.50
2011.05.30 07:39:05.262,1.30727,1.30783,2.25,2.25
2011.05.30 07:39:05.964,1.30727,1.30783,2.25,2.25
2011.05.30 07:39:06.314,1.30727,1.30783,2.25,2.25
2011.05.30 07:39:10.889,1.30727,1.30783,2.25,2.25
2011.05.30 07:39:11.100,1.30727,1.30783,2.25,2.25
2011.05.30 07:39:16.320,1.30727,1.30783,2.25,2.25
2011.05.30 07:39:19.071,1.30731,1.30783,1.50,1.50
2011.05.30 07:39:22.180,1.30727,1.30783,3.00,2.25
2011.05.30 07:39:23.561,1.30727,1.30783,2.25,2.25
2011.05.30 07:39:23.890,1.30727,1.30783,2.25,2.25
2011.05.30 07:39:26.739,1.30727,1.30783,2.25,2.25
2011.05.30 07:39:27.060,1.30721,1.30773,1.50,1.50
2011.05.30 07:39:31.560,1.30727,1.30783,2.25,2.25
2011.05.30 07:39:31.671,1.30727,1.30783,2.25,2.25
2011.05.30 07:39:32.219,1.30727,1.30783,2.25,2.25
2011.05.30 07:39:32.769,1.3073,1.30783,1.50,1.50
2011.05.30 07:39:34.460,1.30736,1.30794,3.00,2.25
2011.05.30 07:39:34.679,1.30736,1.30794,3.00,2.25
2011.05.30 07:39:34.899,1.30736,1.30794,2.25,2.25
2011.05.30 07:39:35.739,1.30736,1.30794,2.25,2.25
2011.05.30 07:39:37.922,1.30736,1.30794,2.25,2.25
2011.05.30 07:39:38.140,1.30736,1.30791,2.25,2.48
2011.05.30 07:39:39.701,1.30726,1.30784,2.25,3.98
2011.05.30 07:39:41.399,1.30726,1.30784,2.25,2.25
2011.05.30 07:39:42.380,1.30731,1.30784,1.50,1.50
2011.05.30 07:39:43.512,1.30731,1.30784,1.50,2.25
2011.05.30 07:40:02.413,1.30732,1.30784,1.50,1.50
2011.05.30 07:40:02.859,1.30736,1.30794,2.25,2.25
2011.05.30 07:40:04.095,1.30732,1.30784,1.50,1.50
2011.05.30 07:40:04.589,1.30742,1.30794,1.35,2.25
2011.05.30 07:40:04.920,1.30742,1.30794,1.35,2.25
2011.05.30 07:40:05.251,1.30742,1.30794,1.35,2.25
2011.05.30 07:40:12.130,1.30742,1.30792,1.35,2.48
2011.05.30 07:40:22.970,1.3073,1.30784,1.35,2.25
2011.05.30 07:40:32.989,1.30728,1.30784,1.35,4.58
2011.05.30 07:40:33.914,1.3072,1.30772,1.35,2.48
2011.05.30 07:40:38.121,1.3072,1.30772,1.35,1.73
2011.05.30 07:40:38.448,1.3072,1.30774,3.60,1.50
2011.05.30 07:40:38.799,1.3072,1.30774,3.60,1.50
2011.05.30 07:40:39.370,1.3072,1.30774,3.60,1.50
2011.05.30 07:40:40.608,1.30726,1.30784,2.25,2.10
2011.05.30 07:40:41.100,1.30726,1.30784,2.25,2.10
2011.05.30 07:40:44.769,1.30726,1.30784,2.25,1.50
2011.05.30 07:40:44.880,1.30726,1.30784,2.25,1.50
2011.05.30 07:40:48.040,1.30726,1.30784,2.25,1.50
2011.05.30 07:40:50.334,1.30733,1.30784,1.35,1.50
2011.05.30 07:40:54.010,1.30736,1.30794,2.25,3.98
2011.05.30 07:40:54.119,1.30733,1.30784,1.35,1.50
2011.05.30 07:40:54.231,1.30726,1.30784,2.25,2.25
2011.05.30 07:40:54.342,1.30726,1.30784,2.25,2.25
2011.05.30 07:40:57.732,1.30737,1.30787,1.35,1.73
2011.05.30 07:40:57.850,1.30737,1.30793,1.35,1.50
2011.05.30 07:40:58.181,1.30736,1.30791,2.25,2.10
2011.05.30 07:40:58.292,1.30736,1.3078,1.50,1.35
2011.05.30 07:40:58.510,1.30727,1.3078,2.25,1.35
2011.05.30 07:40:58.619,1.30727,1.3078,1.50,1.35
2011.05.30 07:40:58.840,1.30727,1.3078,2.25,1.35
2011.05.30 07:40:59.170,1.30727,1.30782,2.25,1.35
2011.05.30 07:40:59.728,1.30727,1.30783,2.25,2.10
2011.05.30 07:41:00.609,1.30727,1.30783,3.00,2.10
2011.05.30 07:41:01.321,1.30727,1.3078,2.25,1.35
2011.05.30 07:41:01.540,1.30719,1.30774,1.35,1.50
2011.05.30 07:41:02.200,1.30716,1.30774,2.25,1.50
2011.05.30 07:41:02.770,1.30716,1.30774,2.25,1.50
2011.05.30 07:41:03.431,1.30716,1.30774,2.25,1.50
2011.05.30 07:41:05.754,1.30706,1.30764,2.25,1.50
2011.05.30 07:41:07.411,1.30706,1.30759,2.25,1.73
2011.05.30 07:41:07.521,1.30706,1.30759,2.25,2.48
2011.05.30 07:41:08.180,1.30696,1.30752,2.25,2.48
2011.05.30 07:41:08.619,1.30696,1.30746,2.25,1.73
2011.05.30 07:41:08.839,1.30696,1.30746,1.50,1.73
2011.05.30 07:41:09.061,1.30686,1.30744,2.25,1.50
2011.05.30 07:41:09.279,1.30686,1.30744,2.25,1.50
2011.05.30 07:41:10.050,1.30697,1.30753,1.50,2.25
2011.05.30 07:41:12.669,1.30687,1.30743,2.25,1.50
2011.05.30 07:41:12.998,1.30687,1.30743,2.25,2.25
2011.05.30 07:41:14.325,1.30687,1.30743,2.25,1.50
2011.05.30 07:41:16.171,1.30696,1.30751,2.25,2.48
2011.05.30 07:41:16.391,1.30696,1.30754,2.25,1.50
2011.05.30 07:41:16.721,1.30696,1.30754,2.25,2.25
2011.05.30 07:41:16.830,1.30696,1.30754,2.25,1.50
2011.05.30 07:41:17.722,1.30694,1.30744,2.48,1.50
2011.05.30 07:41:18.052,1.30677,1.30733,2.25,3.98
2011.05.30 07:41:18.270,1.30682,1.30733,2.48,1.50
2011.05.30 07:41:18.599,1.30683,1.30733,3.00,1.50
2011.05.30 07:41:18.821,1.30686,1.30744,2.25,1.50
2011.05.30 07:41:20.557,1.30689,1.30744,2.48,1.50
2011.05.30 07:41:21.773,1.30695,1.30744,1.50,1.50
2011.05.30 07:41:21.893,1.307,1.30753,2.48,1.50
2011.05.30 07:41:22.012,1.30697,1.30753,2.25,2.25
2011.05.30 07:41:22.343,1.30707,1.30763,2.25,1.50
2011.05.30 07:41:22.793,1.30707,1.30763,2.25,1.50
2011.05.30 07:41:23.461,1.30717,1.30773,2.25,1.50
2011.05.30 07:41:23.680,1.30717,1.30773,2.25,2.25
2011.05.30 07:41:26.771,1.30707,1.30763,2.25,2.25
2011.05.30 07:41:26.883,1.30707,1.30762,2.25,1.73
2011.05.30 07:41:27.439,1.30707,1.30763,2.25,2.25
2011.05.30 07:41:28.812,1.30717,1.30773,2.25,2.25
2011.05.30 07:41:29.170,1.30717,1.30773,2.25,2.25
2011.05.30 07:41:33.991,1.30717,1.30773,2.25,2.25
2011.05.30 07:41:34.540,1.30717,1.30773,2.25,1.50
2011.05.30 07:41:34.649,1.30717,1.30773,2.46,1.50
2011.05.30 07:41:35.506,1.30737,1.30793,2.25,2.25
2011.05.30 07:41:35.730,1.30737,1.30793,2.25,2.25
2011.05.30 07:41:37.762,1.30737,1.30793,2.25,2.25
2011.05.30 07:41:37.980,1.30737,1.30793,2.25,3.98
2011.05.30 07:41:38.419,1.30737,1.30793,2.25,2.25
2011.05.30 07:41:38.756,1.30737,1.30793,2.25,2.25
2011.05.30 07:41:41.719,1.30737,1.30793,2.25,2.25
2011.05.30 07:41:42.049,1.30737,1.30793,2.25,3.98
2011.05.30 07:41:50.399,1.30737,1.30793,2.25,4.73
2011.05.30 07:41:56.721,1.30737,1.30787,2.25,2.48
2011.05.30 07:41:57.162,1.30726,1.30784,2.25,2.25
2011.05.30 07:41:57.490,1.30726,1.3078,2.25,2.48
2011.05.30 07:42:00.089,1.30726,1.3078,2.25,2.48
2011.05.30 07:42:00.199,1.30726,1.30784,2.25,2.25
2011.05.30 07:42:00.530,1.30726,1.30784,2.25,2.25
2011.05.30 07:42:01.452,1.30726,1.30784,2.25,2.25
2011.05.30 07:42:08.469,1.30726,1.30781,2.25,2.48
2011.05.30 07:42:09.579,1.30726,1.30781,2.25,2.48
2011.05.30 07:42:10.244,1.30726,1.30781,2.25,4.73
2011.05.30 07:42:10.582,1.30716,1.30768,3.00,2.48
2011.05.30 07:42:23.541,1.30716,1.30768,2.25,2.48
2011.05.30 07:42:24.789,1.30716,1.30774,2.25,2.25
2011.05.30 07:42:25.129,1.30727,1.30783,2.25,2.25
2011.05.30 07:42:25.959,1.30727,1.30782,2.25,3.00
2011.05.30 07:42:26.180,1.30727,1.30781,2.25,2.48
2011.05.30 07:42:26.401,1.30727,1.30781,2.25,2.48
2011.05.30 07:42:26.731,1.30727,1.3078,2.25,2.48
2011.05.30 07:42:29.161,1.30727,1.3078,2.25,2.48
2011.05.30 07:42:29.492,1.30716,1.30772,2.25,3.00
2011.05.30 07:42:29.610,1.30716,1.30769,2.25,2.48
2011.05.30 07:42:29.941,1.30716,1.30769,2.25,1.73
2011.05.30 07:42:30.051,1.30716,1.30774,2.25,2.25
2011.05.30 07:42:30.499,1.30706,1.30764,4.93,1.50
2011.05.30 07:42:32.752,1.30717,1.30773,2.25,1.50
2011.05.30 07:42:32.862,1.30717,1.30773,2.25,1.50
2011.05.30 07:42:33.189,1.30717,1.30773,2.25,2.25
2011.05.30 07:42:38.058,1.30725,1.30773,1.50,2.25
2011.05.30 07:42:38.391,1.3073,1.30792,1.50,3.00
2011.05.30 07:42:38.501,1.30729,1.30793,2.48,3.00
2011.05.30 07:42:48.762,1.30736,1.30788,2.25,1.13
2011.05.30 07:42:49.091,1.30727,1.3078,2.25,2.48
2011.05.30 07:42:50.424,1.30727,1.30783,2.25,2.25
2011.05.30 07:42:50.761,1.30727,1.30783,2.25,2.25
2011.05.30 07:42:50.980,1.30727,1.30783,2.25,1.50
2011.05.30 07:42:51.529,1.30727,1.30783,2.25,2.25
2011.05.30 07:42:52.952,1.30737,1.30791,2.25,2.48
2011.05.30 07:42:54.290,1.30726,1.30784,2.25,2.25
2011.05.30 07:42:54.620,1.30726,1.30784,2.25,2.25
2011.05.30 07:42:54.841,1.30726,1.30784,2.25,1.50
2011.05.30 07:42:55.847,1.30736,1.30791,2.25,2.48
2011.05.30 07:42:55.964,1.30736,1.30791,2.25,2.48
2011.05.30 07:42:57.172,1.30736,1.30791,2.25,2.48
2011.05.30 07:43:00.169,1.30736,1.30791,2.25,2.48
2011.05.30 07:43:01.294,1.30728,1.30784,1.71,1.50
2011.05.30 07:43:03.050,1.30736,1.30791,2.25,2.48
2011.05.30 07:43:03.921,1.30736,1.3079,2.25,1.50
2011.05.30 07:43:04.249,1.30733,1.30784,1.35,2.25
2011.05.30 07:43:10.162,1.30733,1.30784,1.35,1.50
2011.05.30 07:43:10.564,1.30737,1.30791,2.25,2.48
2011.05.30 07:43:12.691,1.30737,1.30791,2.25,2.48
2011.05.30 07:43:16.869,1.30737,1.30791,2.25,2.48
2011.05.30 07:43:17.972,1.30737,1.30791,2.25,2.48
2011.05.30 07:43:18.190,1.30727,1.30784,1.50,2.25
2011.05.30 07:43:18.413,1.30726,1.30784,2.25,2.25
2011.05.30 07:43:19.470,1.30726,1.30784,3.00,2.25
2011.05.30 07:43:20.021,1.30726,1.30784,2.25,2.25
2011.05.30 07:43:20.842,1.30727,1.30784,1.50,2.25
2011.05.30 07:43:21.172,1.30726,1.30784,2.25,2.25
2011.05.30 07:43:21.503,1.30726,1.30784,3.00,1.50
2011.05.30 07:43:24.529,1.30737,1.30791,2.25,2.48
2011.05.30 07:43:28.053,1.30737,1.30791,2.25,2.48
2011.05.30 07:43:34.741,1.30727,1.30783,2.25,2.25
2011.05.30 07:43:35.072,1.30727,1.30779,2.25,2.48
2011.05.30 07:43:35.295,1.30721,1.30774,3.00,2.25
2011.05.30 07:43:35.630,1.30716,1.30774,2.25,1.50
2011.05.30 07:43:35.850,1.30716,1.30774,2.25,1.50
2011.05.30 07:43:36.430,1.30716,1.30774,2.25,1.50
2011.05.30 07:43:37.571,1.30716,1.30774,2.25,1.50
2011.05.30 07:43:38.010,1.30722,1.30774,1.35,1.50
2011.05.30 07:43:38.343,1.3073,1.30792,2.10,1.50
2011.05.30 07:43:38.463,1.30733,1.30792,3.00,1.50
2011.05.30 07:43:38.802,1.30736,1.30794,2.25,3.00
2011.05.30 07:43:39.139,1.30736,1.30792,2.25,1.50
2011.05.30 07:43:42.733,1.30736,1.30792,3.00,1.50
2011.05.30 07:43:45.572,1.30736,1.30794,2.25,4.50
2011.05.30 07:43:45.900,1.30738,1.30794,1.35,2.25
2011.05.30 07:43:46.010,1.30738,1.30794,1.35,2.25
2011.05.30 07:43:46.230,1.30738,1.30794,1.35,2.25
2011.05.30 07:43:46.600,1.30738,1.30794,1.35,2.25
2011.05.30 07:43:47.110,1.30738,1.30794,1.35,2.25
2011.05.30 07:43:50.190,1.30747,1.308,2.25,1.50
2011.05.30 07:43:51.679,1.30747,1.308,2.25,1.50
2011.05.30 07:43:53.421,1.30747,1.308,2.25,1.50
2011.05.30 07:43:53.751,1.30747,1.308,2.25,1.50
2011.05.30 07:43:58.935,1.30747,1.308,2.25,1.50
2011.05.30 07:44:04.602,1.30747,1.308,2.25,1.50
2011.05.30 07:44:07.021,1.30747,1.30804,1.35,2.25
2011.05.30 07:44:09.999,1.30747,1.30804,1.35,2.25
2011.05.30 07:44:11.531,1.30747,1.30804,1.35,2.25
2011.05.30 07:44:12.300,1.30747,1.30804,1.35,1.50
2011.05.30 07:44:12.849,1.30756,1.30812,2.25,1.50
2011.05.30 07:44:14.281,1.30756,1.30809,2.25,2.48
2011.05.30 07:44:18.500,1.30747,1.30804,2.85,2.25
2011.05.30 07:44:18.720,1.30747,1.30804,2.10,2.25
2011.05.30 07:44:19.660,1.30747,1.30804,2.10,2.25
2011.05.30 07:44:19.881,1.30747,1.30804,2.10,2.25
2011.05.30 07:44:19.989,1.30747,1.30804,2.10,2.25
2011.05.30 07:44:26.453,1.30747,1.30804,2.10,2.25
2011.05.30 07:44:31.353,1.30747,1.30804,2.10,2.25
2011.05.30 07:44:32.127,1.30747,1.30804,2.10,2.25
2011.05.30 07:44:43.691,1.30747,1.30804,2.85,2.25
2011.05.30 07:44:44.131,1.30747,1.30804,2.10,2.25
2011.05.30 07:44:51.874,1.30747,1.30803,3.60,2.25
2011.05.30 07:44:51.995,1.30747,1.30803,3.60,2.25
2011.05.30 07:44:52.332,1.30747,1.30803,3.60,2.25
2011.05.30 07:44:52.780,1.30756,1.3081,2.25,1.50
2011.05.30 07:44:56.115,1.30747,1.30792,1.35,4.50
2011.05.30 07:44:56.451,1.30738,1.30778,2.25,2.48
2011.05.30 07:44:56.560,1.30717,1.30773,2.25,2.25
2011.05.30 07:44:57.000,1.30717,1.30773,2.25,2.25
2011.05.30 07:45:00.489,1.30717,1.30773,3.00,2.25
2011.05.30 07:45:02.246,1.30717,1.30773,3.00,2.25
2011.05.30 07:45:09.283,1.30717,1.30772,2.25,2.48
2011.05.30 07:45:09.620,1.30714,1.30763,1.35,1.50
2011.05.30 07:45:11.652,1.30718,1.30763,2.48,1.50
2011.05.30 07:45:11.764,1.30718,1.30774,2.48,2.25
2011.05.30 07:45:11.992,1.30718,1.30764,2.48,1.50
2011.05.30 07:45:12.215,1.30717,1.30773,2.85,1.50
2011.05.30 07:45:12.332,1.30717,1.30764,1.35,1.50
2011.05.30 07:45:12.550,1.30718,1.30774,2.48,1.50
2011.05.30 07:45:14.740,1.30717,1.30774,3.83,1.50
2011.05.30 07:45:15.232,1.30717,1.30774,3.83,1.50
2011.05.30 07:45:15.461,1.30723,1.30774,1.35,1.50
2011.05.30 07:45:16.233,1.30735,1.30774,1.35,1.50
2011.05.30 07:45:16.351,1.30735,1.30793,1.35,2.25
2011.05.30 07:45:16.461,1.30737,1.30793,1.35,1.50
2011.05.30 07:45:17.049,1.30737,1.30794,1.35,1.50
2011.05.30 07:45:19.816,1.30741,1.30794,1.50,2.25
2011.05.30 07:45:22.805,1.30736,1.30792,2.25,3.00
2011.05.30 07:45:22.926,1.30736,1.30788,1.50,2.48
2011.05.30 07:45:23.337,1.30736,1.30788,1.50,2.48
2011.05.30 07:45:30.218,1.3073,1.30784,1.35,1.50
2011.05.30 07:45:39.793,1.30737,1.30788,2.25,2.48
2011.05.30 07:45:42.802,1.30732,1.30783,1.50,2.25
2011.05.30 07:45:43.130,1.30727,1.30783,2.25,1.50
2011.05.30 07:45:43.906,1.30727,1.30783,2.25,2.25
2011.05.30 07:45:44.350,1.30727,1.30783,2.25,1.50
2011.05.30 07:45:44.679,1.30727,1.30783,2.25,2.25
2011.05.30 07:45:45.010,1.30727,1.30783,2.25,1.50
2011.05.30 07:45:45.340,1.30727,1.30783,2.25,2.25
2011.05.30 07:45:53.253,1.30727,1.30783,2.25,2.25
2011.05.30 07:45:53.811,1.30716,1.30774,2.25,2.25
2011.05.30 07:45:59.593,1.30716,1.30773,2.25,4.73
2011.05.30 07:45:59.823,1.30706,1.30764,2.25,2.25
2011.05.30 07:46:00.051,1.30706,1.30764,1.50,2.25
2011.05.30 07:46:05.502,1.30712,1.30768,2.31,3.00
2011.05.30 07:46:05.612,1.30718,1.30779,3.06,1.50
2011.05.30 07:46:05.722,1.30719,1.30784,1.35,1.50
2011.05.30 07:46:05.943,1.30719,1.30784,1.35,1.50
2011.05.30 07:46:06.281,1.30719,1.30773,1.35,1.50
2011.05.30 07:46:06.391,1.30719,1.30773,2.31,1.50
2011.05.30 07:46:06.501,1.30719,1.30773,2.31,1.50
2011.05.30 07:46:07.050,1.30721,1.30773,2.48,1.50
2011.05.30 07:46:07.270,1.30721,1.30773,2.48,1.50
2011.05.30 07:46:07.823,1.30719,1.30773,2.31,2.25
2011.05.30 07:46:07.940,1.30722,1.30773,1.50,1.50
2011.05.30 07:46:10.258,1.30727,1.30773,1.50,2.25
2011.05.30 07:46:10.480,1.30727,1.30773,1.50,1.50
2011.05.30 07:46:13.783,1.30731,1.30773,1.50,2.25
2011.05.30 07:46:14.010,1.30731,1.30784,1.50,1.50
2011.05.30 07:46:14.560,1.30731,1.30784,1.50,1.50
2011.05.30 07:46:20.803,1.3073,1.30784,1.56,2.25
2011.05.30 07:46:21.676,1.3073,1.30784,1.35,2.25
2011.05.30 07:46:21.798,1.30726,1.30784,2.25,2.25
2011.05.30 07:46:25.231,1.30722,1.30774,1.50,1.50
2011.05.30 07:46:25.781,1.30722,1.30774,1.50,1.50
2011.05.30 07:46:26.002,1.30727,1.30783,2.25,2.25
2011.05.30 07:46:26.111,1.30727,1.30783,2.25,2.25
2011.05.30 07:46:26.770,1.30727,1.30783,2.25,2.25
2011.05.30 07:46:27.212,1.30727,1.30783,2.25,2.25
2011.05.30 07:46:27.322,1.30728,1.30783,2.48,1.50
2011.05.30 07:46:28.974,1.30728,1.30783,2.48,1.50
2011.05.30 07:46:29.204,1.30728,1.30783,2.48,1.50
2011.05.30 07:46:31.902,1.30736,1.30794,2.25,2.25
2011.05.30 07:46:32.122,1.30736,1.30794,2.25,2.25
2011.05.30 07:46:33.952,1.30736,1.30794,2.25,2.25
2011.05.30 07:46:35.501,1.30729,1.30783,2.48,1.50
2011.05.30 07:46:35.720,1.30732,1.30783,1.50,1.50
2011.05.30 07:46:39.630,1.30732,1.30783,1.50,1.50
2011.05.30 07:46:46.471,1.30732,1.30783,1.50,1.50
2011.05.30 07:46:46.802,1.30727,1.30783,2.25,1.50
2011.05.30 07:46:49.381,1.30732,1.30783,1.50,1.50
2011.05.30 07:46:49.499,1.30728,1.30783,2.48,1.50
2011.05.30 07:46:52.191,1.30732,1.30784,1.50,1.50
2011.05.30 07:47:01.572,1.30726,1.30784,2.46,1.50
2011.05.30 07:47:01.682,1.30726,1.30784,3.21,1.50
2011.05.30 07:47:01.900,1.30729,1.30784,2.48,1.50
2011.05.30 07:47:03.201,1.30732,1.30783,1.50,1.50
2011.05.30 07:47:06.421,1.30732,1.30783,1.50,1.50
2011.05.30 07:47:07.354,1.30737,1.30793,2.25,2.25
2011.05.30 07:47:08.553,1.30737,1.30793,2.25,2.25
2011.05.30 07:47:09.002,1.30737,1.30793,3.96,2.25
2011.05.30 07:47:09.222,1.30738,1.30793,2.68,2.25
2011.05.30 07:47:09.660,1.30747,1.30803,2.25,2.25
2011.05.30 07:47:10.220,1.30747,1.30803,1.50,2.25
2011.05.30 07:47:12.061,1.30737,1.30791,2.25,2.48
2011.05.30 07:47:12.171,1.30737,1.30791,2.25,2.48
2011.05.30 07:47:12.500,1.30727,1.30783,3.96,2.25
2011.05.30 07:47:12.721,1.30727,1.30783,3.21,2.25
2011.05.30 07:47:13.161,1.30727,1.30783,2.25,2.25
2011.05.30 07:47:13.763,1.30721,1.30774,1.50,1.50
2011.05.30 07:47:14.101,1.30726,1.30784,2.25,2.25
2011.05.30 07:47:14.763,1.30727,1.30784,1.50,2.25
2011.05.30 07:47:14.991,1.30726,1.30784,2.25,2.25
2011.05.30 07:47:15.211,1.30727,1.30784,2.48,2.25
2011.05.30 07:47:15.921,1.30727,1.30784,2.48,2.25
2011.05.30 07:47:20.463,1.30737,1.30793,1.50,2.25
2011.05.30 07:47:24.811,1.30737,1.30793,2.25,2.25
2011.05.30 07:47:26.060,1.30737,1.30793,2.25,2.25
2011.05.30 07:47:26.389,1.30737,1.30792,2.25,2.48
2011.05.30 07:47:26.499,1.30727,1.30783,3.21,2.25
2011.05.30 07:47:27.051,1.30727,1.30783,3.00,2.25
2011.05.30 07:47:27.160,1.30727,1.30783,3.00,2.25
2011.05.30 07:47:27.961,1.30727,1.30783,1.50,2.25
2011.05.30 07:47:28.096,1.30717,1.30773,2.25,2.25
2011.05.30 07:47:28.210,1.30717,1.30773,2.25,2.25
2011.05.30 07:47:33.629,1.30717,1.30773,1.50,2.25
2011.05.30 07:47:36.839,1.30717,1.30773,2.25,2.25
2011.05.30 07:47:37.514,1.30717,1.30773,2.25,2.25
2011.05.30 07:47:37.637,1.30711,1.30763,2.48,2.25
2011.05.30 07:47:38.081,1.30716,1.30774,1.50,2.25
2011.05.30 07:47:38.191,1.30716,1.30774,1.50,2.25
2011.05.30 07:47:38.300,1.30716,1.30774,1.50,2.25
2011.05.30 07:47:39.461,1.30717,1.30774,1.73,2.25
2011.05.30 07:47:39.680,1.30717,1.30774,1.73,2.25
2011.05.30 07:47:41.835,1.30717,1.30774,2.48,2.25
2011.05.30 07:47:44.831,1.30709,1.30764,3.21,2.25
2011.05.30 07:47:44.942,1.30706,1.30764,1.71,2.25
2011.05.30 07:47:45.161,1.30706,1.30764,1.71,2.25
2011.05.30 07:47:45.880,1.30706,1.30764,1.71,2.25
2011.05.30 07:47:47.120,1.30706,1.30764,2.46,2.25
2011.05.30 07:47:48.169,1.30706,1.30764,2.46,2.25
2011.05.30 07:47:49.172,1.30707,1.30764,1.50,2.25
2011.05.30 07:47:49.940,1.30709,1.30764,1.71,2.25
2011.05.30 07:47:50.695,1.30712,1.30764,2.48,2.25
2011.05.30 07:47:51.030,1.30709,1.30764,1.71,2.25
2011.05.30 07:47:53.740,1.30709,1.30764,2.46,2.25
2011.05.30 07:47:53.850,1.30712,1.30764,3.23,2.25
2011.05.30 07:47:53.961,1.30712,1.30764,1.73,2.25
2011.05.30 07:47:54.509,1.30709,1.30764,1.71,2.25
2011.05.30 07:47:55.430,1.30709,1.30764,1.71,2.25
2011.05.30 07:47:56.090,1.30709,1.30764,1.71,2.25
2011.05.30 07:47:58.523,1.30715,1.30764,1.50,2.25
2011.05.30 07:47:58.853,1.30728,1.30783,4.73,2.25
2011.05.30 07:47:59.458,1.30733,1.30783,3.23,2.25
2011.05.30 07:47:59.569,1.30736,1.30794,1.50,2.25
2011.05.30 07:47:59.682,1.3073,1.30783,1.71,1.50
2011.05.30 07:47:59.899,1.30736,1.30794,1.50,2.25
2011.05.30 07:48:01.569,1.30736,1.30794,1.50,1.50
2011.05.30 07:48:02.151,1.30739,1.30794,1.73,1.50
2011.05.30 07:48:02.483,1.30739,1.30794,2.48,1.50
2011.05.30 07:48:03.371,1.30739,1.30794,2.48,2.25
2011.05.30 07:48:03.590,1.30736,1.30794,2.46,2.25
2011.05.30 07:48:06.354,1.30742,1.30794,1.50,2.25
2011.05.30 07:48:09.711,1.30741,1.30794,1.73,2.25
2011.05.30 07:48:09.821,1.30733,1.30794,2.25,5.10
2011.05.30 07:48:10.559,1.30732,1.30784,1.71,2.25
2011.05.30 07:48:12.862,1.30725,1.30775,1.73,1.35
2011.05.30 07:48:12.971,1.30717,1.30775,1.71,1.35
2011.05.30 07:48:13.081,1.30717,1.30774,1.71,2.25
2011.05.30 07:48:14.120,1.30724,1.30774,1.50,2.25
2011.05.30 07:48:14.491,1.30726,1.30774,1.35,2.25
2011.05.30 07:48:14.601,1.30728,1.30774,1.35,2.25
2011.05.30 07:48:15.152,1.30734,1.30774,1.73,2.25
2011.05.30 07:48:15.268,1.30734,1.30774,2.48,1.50
2011.05.30 07:48:16.260,1.30734,1.30784,2.48,1.50
2011.05.30 07:48:30.221,1.30736,1.30794,3.00,2.25
2011.05.30 07:48:31.391,1.30736,1.30794,3.00,2.25
2011.05.30 07:48:31.834,1.30739,1.30794,2.48,1.50
2011.05.30 07:48:31.954,1.30739,1.30794,2.48,1.50
