2013.09.06 08:00:00.369,1.15188,1.15212,1.13,1.69
2013.09.06 08:00:02.664,1.15188,1.15212,1.13,1.50
2013.09.06 08:00:04.919,1.15192,1.15213,1.13,2.25
2013.09.06 08:00:05.220,1.15195,1.15213,1.13,1.50
2013.09.06 08:00:05.461,1.15194,1.15222,1.13,1.69
2013.09.06 08:00:05.520,1.15194,1.15223,1.13,1.69
2013.09.06 08:00:05.653,1.15194,1.15223,1.13,1.69
2013.09.06 08:00:06.779,1.15194,1.15222,1.13,1.69
2013.09.06 08:00:07.639,1.15194,1.15222,1.13,1.69
2013.09.06 08:00:09.088,1.15194,1.15222,1.13,1.50
2013.09.06 08:00:16.108,1.15194,1.15222,1.13,1.69
2013.09.06 08:00:21.151,1.15202,1.15222,1.13,1.50
2013.09.06 08:00:22.680,1.15201,1.15222,1.13,1.50
2013.09.06 08:00:24.399,1.15194,1.15222,1.13,1.50
2013.09.06 08:00:28.654,1.15201,1.15222,1.13,1.50
2013.09.06 08:00:29.038,1.15201,1.15222,1.13,1.88
2013.09.06 08:00:29.218,1.15201,1.15226,1.13,1.69
2013.09.06 08:00:29.458,1.15201,1.15226,1.13,2.44
2013.09.06 08:00:30.102,1.15201,1.15226,1.50,2.43
2013.09.06 08:00:30.699,1.15208,1.15226,1.50,2.43
2013.09.06 08:00:31.250,1.15208,1.15226,1.50,2.43
2013.09.06 08:00:32.239,1.15209,1.15227,1.50,2.43
2013.09.06 08:00:32.929,1.15208,1.15227,1.50,2.81
2013.09.06 08:00:33.430,1.15209,1.15227,1.50,2.43
2013.09.06 08:00:34.185,1.15209,1.15227,1.50,1.32
2013.09.06 08:00:34.748,1.15208,1.15228,1.50,3.57
2013.09.06 08:00:35.109,1.15206,1.15225,1.13,2.25
2013.09.06 08:00:35.171,1.15206,1.15227,1.50,2.44
2013.09.06 08:00:36.009,1.15206,1.15222,1.88,2.25
2013.09.06 08:00:36.369,1.15201,1.15226,1.13,3.00
2013.09.06 08:00:36.549,1.15202,1.15226,1.13,3.94
2013.09.06 08:00:38.740,1.15202,1.15226,1.13,1.69
2013.09.06 08:00:40.670,1.15207,1.15226,1.13,1.69
2013.09.06 08:00:43.240,1.15207,1.15226,1.50,2.25
2013.09.06 08:00:43.420,1.15201,1.15226,1.13,2.25
2013.09.06 08:00:43.481,1.15199,1.15226,2.63,2.44
2013.09.06 08:00:44.021,1.15201,1.15225,1.13,1.69
2013.09.06 08:00:44.675,1.15201,1.15225,1.50,1.69
2013.09.06 08:00:44.739,1.15202,1.15225,1.50,1.69
2013.09.06 08:00:44.919,1.15202,1.15223,1.50,1.50
2013.09.06 08:00:45.550,1.15201,1.15224,1.13,2.44
2013.09.06 08:00:47.490,1.15193,1.15221,1.13,1.50
2013.09.06 08:00:47.670,1.15201,1.15222,1.13,3.00
2013.09.06 08:00:47.729,1.15191,1.15219,1.88,1.13
2013.09.06 08:00:48.161,1.15182,1.15214,1.13,2.07
2013.09.06 08:00:48.599,1.15185,1.15214,1.50,2.07
2013.09.06 08:00:48.959,1.15184,1.15215,1.13,1.69
2013.09.06 08:00:49.201,1.15188,1.15216,1.13,2.07
2013.09.06 08:00:50.152,1.15186,1.15215,1.13,1.69
2013.09.06 08:00:51.899,1.15195,1.15215,1.13,1.50
2013.09.06 08:00:51.960,1.15195,1.15217,1.13,1.69
2013.09.06 08:00:52.260,1.15189,1.15214,1.13,1.88
2013.09.06 08:00:52.440,1.15186,1.15213,1.13,1.13
2013.09.06 08:00:52.559,1.15186,1.15214,1.13,2.44
2013.09.06 08:00:54.120,1.15188,1.15218,1.13,2.44
2013.09.06 08:00:54.959,1.15188,1.1522,1.13,2.44
2013.09.06 08:00:55.199,1.15188,1.1522,1.13,1.69
2013.09.06 08:00:55.788,1.15188,1.15217,1.13,1.50
2013.09.06 08:01:00.690,1.15195,1.15223,1.13,3.94
2013.09.06 08:01:01.000,1.15195,1.15221,1.13,1.50
2013.09.06 08:01:01.533,1.15195,1.15221,1.13,2.25
2013.09.06 08:01:01.721,1.15189,1.15213,1.50,1.13
2013.09.06 08:01:01.842,1.15182,1.15211,1.13,2.82
2013.09.06 08:01:01.909,1.15181,1.15211,1.13,2.82
2013.09.06 08:01:02.449,1.15179,1.15211,1.88,2.44
2013.09.06 08:01:02.760,1.15181,1.15206,1.50,1.50
2013.09.06 08:01:03.139,1.15181,1.15206,1.50,1.50
2013.09.06 08:01:03.259,1.15182,1.15208,1.13,1.50
2013.09.06 08:01:03.320,1.15182,1.1521,1.13,1.69
2013.09.06 08:01:03.679,1.15178,1.15209,1.50,1.13
2013.09.06 08:01:04.039,1.15178,1.15206,1.50,1.50
2013.09.06 08:01:04.699,1.15178,1.15206,1.50,1.50
2013.09.06 08:01:05.238,1.15178,1.15206,1.50,1.50
2013.09.06 08:01:05.769,1.15178,1.15206,1.50,1.50
2013.09.06 08:01:07.049,1.15178,1.15206,1.50,1.50
2013.09.06 08:01:07.652,1.15178,1.15207,1.50,1.50
2013.09.06 08:01:08.010,1.15178,1.15206,1.50,3.00
2013.09.06 08:01:08.369,1.15176,1.15204,1.13,3.00
2013.09.06 08:01:08.892,1.15176,1.15202,1.13,1.50
2013.09.06 08:01:09.219,1.15177,1.15202,1.13,1.50
2013.09.06 08:01:09.979,1.15171,1.15199,1.13,2.25
2013.09.06 08:01:10.040,1.15169,1.15197,1.13,1.50
2013.09.06 08:01:10.350,1.15169,1.15197,1.13,1.50
2013.09.06 08:01:10.680,1.15169,1.15197,1.13,1.50
2013.09.06 08:01:14.070,1.15169,1.15197,1.13,1.50
2013.09.06 08:01:14.720,1.15169,1.15197,1.13,1.50
2013.09.06 08:01:15.318,1.15169,1.15197,1.13,1.50
2013.09.06 08:01:15.499,1.15169,1.15196,1.13,2.25
2013.09.06 08:01:17.900,1.15169,1.15196,1.13,1.50
2013.09.06 08:01:18.790,1.15169,1.15197,1.13,1.50
2013.09.06 08:01:19.770,1.15172,1.15198,1.13,1.50
2013.09.06 08:01:20.479,1.15172,1.15198,1.13,1.50
2013.09.06 08:01:21.019,1.15172,1.15196,1.13,1.50
2013.09.06 08:01:26.410,1.15168,1.15197,1.13,2.25
2013.09.06 08:01:26.710,1.15186,1.15202,1.50,1.50
2013.09.06 08:01:26.770,1.15187,1.15208,1.13,1.94
2013.09.06 08:01:26.830,1.15187,1.15208,1.88,1.94
2013.09.06 08:01:26.890,1.15187,1.15208,1.88,1.56
2013.09.06 08:01:27.132,1.15173,1.15196,1.50,1.50
2013.09.06 08:01:27.259,1.15177,1.15202,1.13,1.50
2013.09.06 08:01:29.805,1.15177,1.15202,1.13,1.13
2013.09.06 08:01:30.109,1.15171,1.15197,1.50,1.50
2013.09.06 08:01:30.669,1.15171,1.15197,1.50,1.50
2013.09.06 08:01:32.230,1.15171,1.15197,1.50,1.50
2013.09.06 08:01:34.029,1.15171,1.15198,1.50,1.50
2013.09.06 08:01:34.269,1.15176,1.15203,1.13,2.25
2013.09.06 08:01:36.652,1.15182,1.15203,1.13,2.25
2013.09.06 08:01:37.269,1.15177,1.15205,1.13,1.50
2013.09.06 08:01:43.159,1.15177,1.15202,1.13,1.13
2013.09.06 08:01:43.519,1.15171,1.15199,1.50,1.88
2013.09.06 08:01:43.699,1.15171,1.15199,1.50,1.88
2013.09.06 08:01:44.430,1.15171,1.15198,1.50,1.50
2013.09.06 08:01:48.169,1.15177,1.152,1.13,1.13
2013.09.06 08:01:48.651,1.15177,1.15202,1.13,2.63
2013.09.06 08:01:50.229,1.15176,1.15197,1.13,1.50
2013.09.06 08:01:51.013,1.15176,1.152,1.13,1.50
2013.09.06 08:01:52.040,1.1517,1.15197,1.13,1.50
2013.09.06 08:01:52.579,1.1517,1.15197,1.13,2.63
2013.09.06 08:01:53.081,1.1517,1.15197,1.13,3.38
2013.09.06 08:01:53.220,1.1517,1.15196,1.13,1.50
2013.09.06 08:01:54.970,1.1517,1.15197,1.13,2.25
2013.09.06 08:01:55.149,1.1517,1.15197,1.13,1.50
2013.09.06 08:01:55.209,1.15168,1.15193,1.13,1.50
2013.09.06 08:01:55.731,1.15169,1.15191,1.13,1.50
2013.09.06 08:01:58.299,1.15166,1.15192,1.13,1.50
2013.09.06 08:02:07.150,1.15166,1.15192,1.13,1.50
2013.09.06 08:02:22.489,1.1517,1.15193,1.28,1.50
2013.09.06 08:02:22.549,1.1517,1.15194,1.13,1.50
2013.09.06 08:02:23.129,1.1517,1.15193,1.13,1.50
2013.09.06 08:02:23.190,1.1517,1.15193,1.13,1.50
2013.09.06 08:02:29.719,1.1517,1.15194,1.13,2.25
2013.09.06 08:02:29.779,1.15169,1.15193,1.13,1.50
2013.09.06 08:02:30.082,1.15157,1.15185,1.13,1.50
2013.09.06 08:02:30.200,1.15151,1.15182,1.69,1.13
2013.09.06 08:02:30.320,1.1515,1.15179,1.13,1.69
2013.09.06 08:02:30.619,1.1515,1.15179,1.50,2.44
2013.09.06 08:02:30.679,1.15151,1.15179,1.50,2.44
2013.09.06 08:02:30.739,1.15152,1.15179,1.50,1.50
2013.09.06 08:02:30.859,1.15152,1.15181,1.50,1.69
2013.09.06 08:02:31.279,1.1515,1.15181,1.32,2.63
2013.09.06 08:02:31.789,1.15152,1.15181,1.50,2.44
2013.09.06 08:02:33.370,1.15153,1.1518,1.50,1.69
2013.09.06 08:02:36.620,1.15153,1.1518,1.50,1.69
2013.09.06 08:02:36.799,1.15153,1.1518,1.50,1.69
2013.09.06 08:02:38.121,1.15153,1.1518,1.88,2.44
2013.09.06 08:02:38.359,1.1516,1.15186,1.50,2.63
2013.09.06 08:02:38.663,1.15168,1.15187,1.13,1.50
2013.09.06 08:02:39.029,1.15174,1.15193,1.13,2.25
2013.09.06 08:02:39.330,1.15172,1.15193,1.13,1.50
2013.09.06 08:02:39.509,1.15172,1.15192,1.13,1.50
2013.09.06 08:02:39.883,1.15173,1.1519,1.13,1.50
2013.09.06 08:02:40.140,1.15171,1.1519,1.13,1.50
2013.09.06 08:02:40.520,1.15167,1.1519,1.13,1.50
2013.09.06 08:02:40.580,1.15167,1.15189,1.50,1.50
2013.09.06 08:02:40.939,1.15167,1.15188,1.50,1.50
2013.09.06 08:02:41.061,1.15167,1.15188,1.13,1.50
2013.09.06 08:02:41.697,1.15161,1.15188,2.07,1.50
2013.09.06 08:02:42.618,1.15161,1.15188,1.88,1.50
2013.09.06 08:02:45.622,1.15161,1.1519,1.88,2.44
2013.09.06 08:02:46.012,1.15161,1.15191,1.88,2.07
2013.09.06 08:02:46.087,1.15167,1.15193,1.13,3.75
2013.09.06 08:02:49.411,1.15167,1.15192,1.13,1.50
2013.09.06 08:02:49.470,1.15161,1.15192,2.07,2.25
2013.09.06 08:02:49.829,1.15161,1.15189,2.07,2.25
2013.09.06 08:02:50.401,1.15161,1.15189,2.07,3.00
2013.09.06 08:02:52.512,1.15161,1.15187,1.88,1.50
2013.09.06 08:02:53.589,1.15161,1.15186,1.88,1.50
2013.09.06 08:02:55.489,1.15161,1.15187,1.88,2.44
2013.09.06 08:02:57.771,1.15161,1.15187,1.88,2.44
2013.09.06 08:02:58.391,1.15161,1.15186,1.88,1.50
2013.09.06 08:02:58.929,1.15168,1.15191,1.13,1.50
2013.09.06 08:02:58.989,1.15168,1.15192,1.13,1.69
2013.09.06 08:02:59.510,1.15168,1.15192,1.13,2.44
2013.09.06 08:02:59.852,1.15166,1.15192,1.13,2.44
2013.09.06 08:03:00.512,1.15166,1.15192,1.13,2.44
2013.09.06 08:03:01.004,1.15166,1.15191,1.13,1.13
2013.09.06 08:03:01.310,1.15161,1.15186,1.88,1.50
2013.09.06 08:03:01.858,1.15161,1.15186,1.88,1.50
2013.09.06 08:03:02.470,1.15161,1.15186,1.88,1.50
2013.09.06 08:03:03.458,1.15161,1.15187,1.88,1.50
2013.09.06 08:03:05.989,1.15161,1.15187,1.88,1.50
2013.09.06 08:03:07.242,1.15161,1.15186,1.88,1.50
2013.09.06 08:03:07.649,1.15168,1.15192,1.13,4.69
2013.09.06 08:03:09.629,1.15168,1.15192,1.13,1.50
2013.09.06 08:03:16.082,1.15171,1.15192,1.13,1.50
2013.09.06 08:03:16.203,1.15171,1.15199,1.13,1.69
2013.09.06 08:03:16.269,1.15171,1.15202,1.13,2.07
2013.09.06 08:03:16.839,1.15174,1.15202,1.13,2.07
2013.09.06 08:03:16.901,1.15174,1.15202,1.13,3.19
2013.09.06 08:03:17.079,1.15172,1.15199,1.13,1.32
2013.09.06 08:03:17.260,1.15167,1.15198,1.32,1.50
2013.09.06 08:03:17.619,1.1517,1.15197,1.50,1.13
2013.09.06 08:03:18.469,1.15174,1.15202,1.13,2.07
2013.09.06 08:03:30.580,1.15176,1.15203,1.50,1.50
2013.09.06 08:03:30.921,1.15176,1.15205,1.50,2.44
2013.09.06 08:03:31.739,1.15177,1.15206,1.50,2.44
2013.09.06 08:03:32.069,1.15177,1.15208,1.50,2.07
2013.09.06 08:03:32.758,1.15177,1.15207,1.50,1.32
2013.09.06 08:03:33.265,1.15177,1.15206,1.50,1.13
2013.09.06 08:03:34.201,1.15177,1.15206,1.50,1.13
2013.09.06 08:03:34.810,1.15177,1.15206,1.50,1.32
2013.09.06 08:03:36.023,1.15177,1.15206,1.50,1.32
2013.09.06 08:03:36.540,1.15177,1.15206,1.50,1.32
2013.09.06 08:03:37.199,1.15177,1.15208,1.50,2.82
2013.09.06 08:03:38.193,1.15177,1.15207,1.50,1.32
2013.09.06 08:03:39.109,1.15177,1.15208,1.50,1.69
2013.09.06 08:03:39.933,1.15177,1.15207,1.50,1.32
2013.09.06 08:03:41.019,1.15177,1.15207,1.50,1.32
2013.09.06 08:03:42.992,1.15177,1.15207,1.50,1.32
2013.09.06 08:03:43.562,1.15177,1.15207,1.50,1.32
2013.09.06 08:03:45.719,1.15177,1.15207,1.50,1.32
2013.09.06 08:03:46.591,1.15177,1.15207,1.50,1.69
2013.09.06 08:03:46.949,1.15172,1.15202,1.69,3.00
2013.09.06 08:03:47.009,1.15169,1.15202,2.44,2.63
2013.09.06 08:03:47.579,1.15172,1.15202,1.69,2.63
2013.09.06 08:03:53.575,1.15175,1.15201,1.50,1.13
2013.09.06 08:03:53.941,1.15175,1.15205,1.50,1.32
2013.09.06 08:03:54.119,1.15175,1.15208,1.50,2.44
2013.09.06 08:03:54.360,1.15178,1.15211,1.50,1.69
2013.09.06 08:03:55.270,1.1518,1.15211,1.13,2.44
2013.09.06 08:04:01.631,1.15177,1.15208,1.69,1.13
2013.09.06 08:04:03.023,1.15175,1.15205,1.13,1.32
2013.09.06 08:04:03.332,1.15174,1.15199,1.69,1.50
2013.09.06 08:04:03.569,1.15172,1.15199,1.50,1.69
2013.09.06 08:04:03.869,1.1517,1.15199,1.50,1.69
2013.09.06 08:04:04.503,1.15171,1.15199,1.50,1.69
2013.09.06 08:04:06.510,1.15171,1.15204,3.00,1.32
2013.09.06 08:04:06.570,1.15171,1.15204,3.00,1.32
2013.09.06 08:04:09.812,1.15171,1.15204,1.50,1.32
2013.09.06 08:04:11.698,1.15171,1.15204,1.50,1.32
2013.09.06 08:04:12.729,1.15171,1.15204,1.69,1.32
2013.09.06 08:04:16.440,1.15171,1.15204,1.69,2.07
2013.09.06 08:04:16.802,1.15171,1.15204,2.25,1.32
2013.09.06 08:04:17.180,1.15171,1.15204,2.25,1.69
2013.09.06 08:04:17.540,1.15171,1.15199,1.50,1.69
2013.09.06 08:04:17.719,1.15169,1.15199,1.50,1.69
2013.09.06 08:04:17.928,1.15171,1.15199,1.50,1.69
2013.09.06 08:04:20.149,1.15166,1.15196,2.25,1.13
2013.09.06 08:04:20.269,1.15166,1.15191,1.50,1.88
2013.09.06 08:04:20.451,1.15163,1.15184,1.50,1.13
2013.09.06 08:04:20.570,1.15154,1.15183,1.69,1.13
2013.09.06 08:04:20.751,1.15153,1.15183,1.69,1.13
2013.09.06 08:04:20.869,1.15157,1.15183,1.50,1.13
2013.09.06 08:04:21.230,1.15158,1.15183,1.50,1.13
2013.09.06 08:04:21.773,1.15163,1.15183,1.50,1.13
2013.09.06 08:04:22.502,1.15163,1.15182,1.50,1.13
2013.09.06 08:04:23.088,1.15163,1.15182,1.50,1.13
2013.09.06 08:04:23.959,1.15163,1.15182,1.50,1.13
2013.09.06 08:04:24.479,1.15163,1.15182,1.50,1.13
2013.09.06 08:04:26.629,1.15163,1.15182,1.50,1.13
2013.09.06 08:04:30.072,1.15163,1.15182,1.50,1.13
2013.09.06 08:04:34.910,1.15168,1.15183,1.13,1.13
2013.09.06 08:04:35.030,1.15168,1.15193,1.13,1.50
2013.09.06 08:04:35.090,1.15167,1.15189,1.88,1.13
2013.09.06 08:04:35.269,1.15164,1.15189,1.69,1.13
2013.09.06 08:04:35.689,1.15164,1.15196,1.69,1.50
2013.09.06 08:04:36.230,1.15165,1.15196,2.44,1.50
2013.09.06 08:04:36.680,1.15166,1.15196,2.44,1.50
2013.09.06 08:04:38.480,1.15171,1.15199,1.50,2.07
2013.09.06 08:04:41.199,1.15166,1.15196,2.44,1.13
2013.09.06 08:04:43.189,1.15171,1.15197,1.50,1.13
2013.09.06 08:04:52.362,1.15171,1.15196,1.50,1.88
2013.09.06 08:04:54.209,1.15171,1.15196,1.50,1.88
2013.09.06 08:04:54.856,1.15167,1.15196,1.50,1.88
2013.09.06 08:04:55.737,1.15167,1.15196,1.50,1.13
2013.09.06 08:04:56.270,1.15167,1.15196,1.50,1.13
2013.09.06 08:04:57.640,1.15167,1.15197,1.50,2.07
2013.09.06 08:04:59.621,1.15166,1.15196,1.50,1.32
2013.09.06 08:05:00.937,1.15162,1.15194,1.69,1.69
2013.09.06 08:05:01.299,1.1516,1.15193,1.32,1.50
2013.09.06 08:05:01.480,1.15161,1.15193,1.50,1.69
2013.09.06 08:05:01.841,1.15158,1.15187,1.69,1.13
2013.09.06 08:05:02.170,1.15163,1.1519,1.50,1.32
2013.09.06 08:05:02.295,1.1516,1.1519,1.50,1.32
2013.09.06 08:05:02.691,1.1516,1.15189,1.50,1.13
2013.09.06 08:05:02.929,1.15153,1.15188,1.69,2.44
2013.09.06 08:05:03.771,1.15157,1.15188,1.50,2.44
2013.09.06 08:05:04.130,1.15162,1.15188,1.50,1.32
2013.09.06 08:05:04.190,1.15159,1.1519,2.25,1.32
2013.09.06 08:05:05.730,1.15161,1.15192,2.07,1.32
2013.09.06 08:05:05.790,1.15161,1.15194,2.07,2.44
2013.09.06 08:05:06.030,1.15161,1.15192,1.69,1.32
2013.09.06 08:05:07.215,1.15161,1.15194,2.44,2.44
2013.09.06 08:05:07.499,1.15161,1.15192,1.69,1.32
2013.09.06 08:05:11.930,1.15161,1.15186,1.50,1.50
2013.09.06 08:05:13.479,1.15161,1.15187,1.50,1.50
2013.09.06 08:05:14.169,1.15161,1.15187,1.50,1.50
2013.09.06 08:05:15.169,1.15161,1.15187,1.50,1.50
2013.09.06 08:05:15.780,1.15161,1.15187,1.50,1.50
2013.09.06 08:05:17.289,1.15163,1.1519,1.69,1.13
2013.09.06 08:05:17.830,1.15161,1.15192,1.69,2.25
2013.09.06 08:05:18.359,1.15161,1.15191,1.69,1.50
2013.09.06 08:05:19.093,1.15161,1.15191,1.69,1.50
2013.09.06 08:05:19.340,1.15164,1.15191,1.13,1.50
2013.09.06 08:05:19.901,1.15163,1.15192,1.50,2.25
2013.09.06 08:05:20.924,1.15163,1.15192,1.50,2.25
2013.09.06 08:05:21.442,1.15163,1.15191,1.50,1.50
2013.09.06 08:05:21.500,1.15163,1.15191,1.50,1.50
2013.09.06 08:05:23.210,1.15163,1.15191,1.50,1.50
2013.09.06 08:05:24.399,1.15163,1.15191,1.50,1.50
2013.09.06 08:05:24.959,1.15163,1.15191,1.50,1.50
2013.09.06 08:05:25.511,1.15163,1.15192,1.50,2.25
2013.09.06 08:05:26.290,1.15163,1.15192,1.50,2.25
2013.09.06 08:05:27.077,1.15163,1.15192,1.50,2.25
2013.09.06 08:05:27.678,1.15163,1.15191,1.50,1.50
2013.09.06 08:05:28.285,1.15163,1.15191,1.50,1.50
2013.09.06 08:05:28.830,1.15163,1.15191,1.50,1.50
2013.09.06 08:05:30.790,1.15163,1.15191,1.50,1.50
2013.09.06 08:05:32.390,1.15163,1.15192,1.50,2.25
2013.09.06 08:05:32.834,1.15162,1.15191,1.69,1.50
2013.09.06 08:05:33.140,1.15162,1.15186,1.50,1.50
2013.09.06 08:05:33.802,1.15155,1.15186,1.32,1.50
2013.09.06 08:05:34.320,1.15155,1.15186,1.32,1.50
2013.09.06 08:05:36.169,1.15158,1.15187,1.50,2.63
2013.09.06 08:05:36.470,1.15158,1.15186,1.50,1.50
2013.09.06 08:05:36.971,1.15158,1.15186,1.50,1.50
2013.09.06 08:05:39.293,1.15158,1.15186,1.50,1.50
2013.09.06 08:05:40.649,1.15158,1.15187,1.50,2.63
2013.09.06 08:05:41.320,1.15158,1.15187,1.50,2.63
2013.09.06 08:05:42.049,1.15158,1.15187,1.50,2.63
2013.09.06 08:05:42.736,1.15158,1.15187,1.50,2.63
2013.09.06 08:05:43.382,1.15158,1.15187,1.50,2.63
2013.09.06 08:05:43.890,1.15158,1.15187,1.50,3.38
2013.09.06 08:05:44.130,1.15157,1.15184,1.50,1.50
2013.09.06 08:05:44.669,1.15155,1.15185,1.32,1.50
2013.09.06 08:05:50.959,1.15155,1.15184,1.32,2.25
2013.09.06 08:05:51.604,1.15155,1.15184,1.32,1.50
2013.09.06 08:06:05.672,1.15151,1.15182,2.07,1.13
2013.09.06 08:06:05.730,1.15151,1.15181,1.69,1.50
2013.09.06 08:06:06.469,1.15151,1.15181,1.69,1.50
2013.09.06 08:06:06.790,1.15151,1.15181,1.69,1.50
2013.09.06 08:06:07.300,1.15151,1.15181,1.69,1.50
2013.09.06 08:06:08.729,1.15151,1.15182,1.69,3.00
2013.09.06 08:06:08.789,1.15149,1.15179,1.32,1.50
2013.09.06 08:06:08.850,1.15149,1.15179,2.82,1.50
2013.09.06 08:06:15.032,1.15149,1.1518,3.57,1.50
2013.09.06 08:06:17.440,1.15149,1.15179,1.32,1.50
2013.09.06 08:06:28.015,1.15149,1.15179,2.82,1.50
2013.09.06 08:06:31.069,1.15149,1.15179,2.07,1.50
2013.09.06 08:06:35.707,1.15149,1.15179,2.07,1.50
2013.09.06 08:06:36.428,1.15149,1.15179,2.07,1.50
2013.09.06 08:06:36.753,1.15149,1.15176,2.07,1.50
2013.09.06 08:06:37.379,1.15149,1.15177,2.07,1.50
2013.09.06 08:06:38.091,1.15149,1.15177,2.07,1.50
2013.09.06 08:06:41.150,1.15149,1.15177,1.69,1.50
2013.09.06 08:06:41.807,1.15149,1.15176,1.69,1.50
2013.09.06 08:06:43.060,1.15149,1.15176,1.69,1.50
2013.09.06 08:06:45.567,1.15149,1.15176,1.69,1.50
2013.09.06 08:06:46.168,1.15149,1.15176,1.69,1.50
2013.09.06 08:06:48.412,1.15149,1.15176,1.69,1.50
2013.09.06 08:06:49.127,1.15149,1.15176,1.69,1.50
2013.09.06 08:06:49.842,1.15149,1.15176,1.69,1.50
2013.09.06 08:06:50.170,1.15149,1.15176,1.69,1.50
2013.09.06 08:06:50.760,1.15149,1.15177,1.69,1.50
2013.09.06 08:06:52.533,1.15149,1.15176,1.69,1.50
2013.09.06 08:06:53.181,1.15149,1.15176,1.69,1.50
2013.09.06 08:06:53.689,1.15149,1.15176,1.69,1.50
2013.09.06 08:06:54.689,1.15149,1.15176,1.69,1.50
2013.09.06 08:06:55.359,1.15149,1.15177,1.69,1.50
2013.09.06 08:06:55.916,1.15149,1.15176,1.69,1.50
2013.09.06 08:06:56.959,1.15149,1.15177,1.69,1.50
2013.09.06 08:06:58.930,1.15149,1.15177,1.69,1.50
2013.09.06 08:06:59.549,1.15149,1.15176,1.69,1.50
2013.09.06 08:07:00.484,1.15149,1.15176,1.69,1.50
2013.09.06 08:07:00.990,1.1515,1.15177,1.50,1.50
2013.09.06 08:07:02.519,1.1515,1.15177,1.50,1.50
2013.09.06 08:07:03.115,1.1515,1.15176,1.50,1.50
2013.09.06 08:07:03.726,1.1515,1.15176,1.50,1.50
2013.09.06 08:07:05.409,1.1515,1.15177,1.69,1.50
2013.09.06 08:07:06.231,1.1515,1.15177,1.69,1.50
2013.09.06 08:07:07.710,1.1515,1.15176,1.69,1.50
2013.09.06 08:07:08.251,1.1515,1.15177,1.69,1.50
2013.09.06 08:07:09.361,1.15152,1.15176,1.50,1.50
2013.09.06 08:07:09.969,1.15152,1.15176,1.50,1.50
2013.09.06 08:07:10.570,1.15152,1.15177,1.50,1.50
2013.09.06 08:07:11.130,1.15152,1.15175,1.50,1.50
2013.09.06 08:07:15.359,1.1515,1.15175,2.44,1.50
2013.09.06 08:07:20.609,1.1515,1.15175,1.50,1.50
2013.09.06 08:07:21.553,1.15148,1.15175,1.32,1.50
2013.09.06 08:07:21.739,1.15148,1.15174,1.13,2.25
2013.09.06 08:07:22.100,1.15146,1.15162,1.50,1.50
2013.09.06 08:07:22.641,1.15148,1.15162,1.50,1.50
2013.09.06 08:07:23.170,1.15148,1.15167,1.50,2.25
2013.09.06 08:07:26.988,1.15148,1.15163,1.50,1.50
2013.09.06 08:07:27.312,1.15147,1.15162,1.50,1.50
2013.09.06 08:07:27.731,1.15147,1.15159,1.50,1.13
2013.09.06 08:07:27.910,1.15147,1.15166,1.50,1.50
2013.09.06 08:07:28.032,1.15147,1.15162,1.50,1.50
2013.09.06 08:07:28.580,1.15147,1.15161,1.50,1.50
2013.09.06 08:07:29.130,1.15147,1.15162,1.50,1.50
2013.09.06 08:07:30.041,1.15147,1.15161,1.50,1.50
2013.09.06 08:07:31.061,1.15147,1.15162,1.50,1.50
2013.09.06 08:07:31.695,1.15147,1.15162,1.50,1.50
2013.09.06 08:07:32.782,1.15147,1.15162,1.50,1.50
2013.09.06 08:07:33.340,1.15147,1.15162,1.50,1.50
2013.09.06 08:07:34.369,1.15147,1.15161,1.50,1.50
2013.09.06 08:07:35.975,1.15147,1.15161,1.50,1.50
2013.09.06 08:07:36.590,1.15147,1.15161,1.50,1.50
2013.09.06 08:07:37.220,1.15147,1.15161,1.50,1.50
2013.09.06 08:07:44.001,1.15147,1.15162,1.50,1.50
2013.09.06 08:07:44.513,1.15147,1.15162,1.50,1.50
2013.09.06 08:07:44.570,1.15147,1.15161,1.50,1.50
2013.09.06 08:07:45.428,1.15147,1.15162,1.50,1.50
2013.09.06 08:07:45.551,1.15147,1.15166,1.50,1.50
2013.09.06 08:07:45.731,1.15147,1.15164,1.50,1.50
2013.09.06 08:07:46.530,1.15147,1.15162,1.50,1.50
2013.09.06 08:07:47.044,1.15147,1.15157,1.50,1.50
2013.09.06 08:07:47.562,1.15147,1.15158,1.50,1.50
2013.09.06 08:07:47.744,1.15147,1.15164,1.50,1.88
2013.09.06 08:07:47.990,1.15147,1.1516,1.50,2.25
2013.09.06 08:07:50.900,1.15147,1.15158,1.50,1.13
2013.09.06 08:07:51.261,1.15147,1.15158,1.50,1.13
2013.09.06 08:07:51.503,1.15137,1.15158,3.00,1.88
2013.09.06 08:07:51.570,1.15137,1.15157,1.50,1.13
2013.09.06 08:07:51.871,1.15137,1.15157,1.50,1.13
2013.09.06 08:07:52.230,1.15137,1.15153,1.50,1.13
2013.09.06 08:07:52.650,1.15137,1.15154,1.50,1.13
2013.09.06 08:07:53.620,1.15137,1.15154,1.50,1.13
2013.09.06 08:08:00.013,1.15137,1.15153,1.50,1.13
2013.09.06 08:08:09.030,1.15137,1.15153,1.50,1.13
2013.09.06 08:08:09.669,1.15136,1.15153,1.50,1.13
2013.09.06 08:08:13.509,1.15136,1.15153,1.50,1.13
2013.09.06 08:08:13.650,1.15136,1.15153,1.50,1.13
2013.09.06 08:08:19.929,1.15137,1.15153,1.50,1.13
2013.09.06 08:08:21.932,1.15137,1.15154,1.50,1.13
2013.09.06 08:08:22.172,1.15137,1.15154,1.50,1.32
2013.09.06 08:08:22.290,1.15137,1.15154,1.50,1.69
2013.09.06 08:08:22.650,1.15137,1.1515,1.50,1.13
2013.09.06 08:08:22.950,1.15137,1.15158,1.50,2.44
2013.09.06 08:08:23.131,1.15136,1.15158,1.50,1.32
2013.09.06 08:08:23.670,1.15136,1.15158,1.50,1.32
2013.09.06 08:08:23.732,1.15136,1.15163,1.50,1.32
2013.09.06 08:08:23.911,1.15136,1.15164,1.50,2.07
2013.09.06 08:08:24.451,1.15136,1.15164,1.50,2.07
2013.09.06 08:08:26.611,1.15136,1.15164,1.88,1.69
2013.09.06 08:08:26.859,1.15136,1.15164,1.88,1.69
2013.09.06 08:08:27.061,1.15136,1.15164,1.88,1.50
2013.09.06 08:08:27.802,1.15139,1.1517,1.50,1.69
2013.09.06 08:08:27.875,1.15142,1.1517,1.13,1.50
2013.09.06 08:08:28.395,1.15142,1.1517,1.13,1.50
2013.09.06 08:08:28.909,1.15142,1.1517,1.50,1.50
2013.09.06 08:08:29.530,1.15141,1.1517,1.50,1.50
2013.09.06 08:08:30.142,1.15141,1.1517,1.69,1.50
2013.09.06 08:08:30.740,1.15141,1.1517,1.69,1.50
2013.09.06 08:08:31.290,1.15141,1.1517,1.69,1.50
2013.09.06 08:08:32.653,1.15141,1.1517,1.69,1.50
2013.09.06 08:08:33.530,1.15141,1.1517,1.50,1.50
2013.09.06 08:08:34.380,1.15141,1.1517,1.50,1.50
2013.09.06 08:08:35.213,1.15142,1.1517,1.50,1.69
2013.09.06 08:08:37.030,1.15142,1.1517,1.50,1.69
2013.09.06 08:08:37.210,1.15142,1.15173,1.50,1.69
2013.09.06 08:08:37.510,1.15144,1.15171,1.13,1.69
2013.09.06 08:08:37.573,1.15141,1.15173,2.25,3.19
2013.09.06 08:08:37.640,1.15141,1.1517,2.25,1.69
2013.09.06 08:08:37.762,1.15139,1.15167,2.25,1.13
2013.09.06 08:08:37.822,1.15139,1.15167,1.50,1.13
2013.09.06 08:08:37.885,1.15139,1.1517,1.88,1.69
2013.09.06 08:08:37.950,1.15139,1.1517,1.88,2.44
2013.09.06 08:08:38.490,1.15143,1.15169,1.50,1.69
2013.09.06 08:08:39.021,1.15143,1.1517,1.50,1.69
2013.09.06 08:08:39.321,1.15136,1.15166,1.50,2.07
2013.09.06 08:08:39.921,1.15136,1.15166,1.50,2.07
2013.09.06 08:08:40.663,1.15137,1.15166,1.50,2.82
2013.09.06 08:08:41.262,1.15138,1.1516,1.50,1.32
2013.09.06 08:08:42.022,1.15138,1.1516,1.50,1.32
2013.09.06 08:08:44.660,1.15138,1.15159,1.50,1.69
2013.09.06 08:08:44.720,1.15138,1.15159,1.50,1.69
2013.09.06 08:08:47.760,1.15137,1.15159,1.50,1.32
2013.09.06 08:08:49.039,1.15138,1.15159,1.50,1.32
2013.09.06 08:08:49.533,1.15138,1.15159,1.50,1.32
2013.09.06 08:08:54.170,1.15138,1.15165,1.50,1.32
2013.09.06 08:08:57.169,1.15138,1.15165,1.50,1.13
2013.09.06 08:08:58.712,1.15137,1.15165,1.50,1.32
2013.09.06 08:08:59.152,1.15137,1.1516,1.50,1.50
2013.09.06 08:08:59.840,1.15137,1.15161,2.25,2.44
2013.09.06 08:09:03.890,1.15137,1.15164,2.25,1.69
2013.09.06 08:09:29.860,1.15138,1.15163,1.50,1.50
2013.09.06 08:09:37.859,1.15138,1.15163,1.50,1.69
2013.09.06 08:09:49.645,1.15137,1.15163,1.50,1.69
2013.09.06 08:09:51.651,1.15137,1.15163,1.50,1.69
2013.09.06 08:09:55.770,1.15136,1.15163,1.50,1.69
2013.09.06 08:09:56.371,1.15136,1.15162,1.50,1.50
2013.09.06 08:09:58.930,1.15136,1.15164,1.50,2.44
2013.09.06 08:10:01.792,1.15136,1.15164,1.50,1.69
2013.09.06 08:10:02.870,1.15136,1.15163,1.50,1.69
2013.09.06 08:10:03.562,1.15136,1.1516,1.50,1.50
2013.09.06 08:10:03.990,1.15136,1.15163,1.50,1.69
2013.09.06 08:10:07.644,1.15136,1.15163,1.50,1.69
2013.09.06 08:10:10.620,1.15136,1.15163,1.50,1.69
2013.09.06 08:10:14.070,1.15137,1.15164,1.50,1.69
2013.09.06 08:10:14.750,1.15137,1.15164,1.50,1.69
2013.09.06 08:10:23.734,1.15137,1.1516,1.50,2.07
2013.09.06 08:10:24.056,1.15136,1.15156,1.50,1.69
2013.09.06 08:10:24.480,1.15136,1.15155,1.50,1.50
2013.09.06 08:10:24.603,1.15136,1.15157,1.50,1.50
2013.09.06 08:10:42.480,1.15136,1.15158,1.50,1.50
2013.09.06 08:10:49.381,1.15136,1.15159,1.50,1.69
2013.09.06 08:10:50.320,1.15136,1.15164,1.50,2.44
2013.09.06 08:10:53.210,1.15137,1.15164,1.50,1.69
2013.09.06 08:10:54.493,1.15137,1.15164,1.50,1.50
2013.09.06 08:11:03.440,1.15137,1.15166,2.44,1.50
2013.09.06 08:11:03.500,1.15141,1.15171,1.13,2.25
2013.09.06 08:11:03.861,1.15138,1.15165,1.13,1.50
2013.09.06 08:11:13.311,1.15137,1.15166,2.44,2.25
2013.09.06 08:11:13.550,1.15137,1.15166,2.07,3.75
2013.09.06 08:11:13.730,1.15138,1.15166,1.32,2.25
2013.09.06 08:11:14.297,1.15142,1.15168,1.13,1.50
2013.09.06 08:11:16.752,1.15137,1.15169,2.82,1.50
2013.09.06 08:11:46.492,1.15138,1.15167,1.32,1.50
2013.09.06 08:12:05.561,1.15137,1.15164,2.07,1.50
2013.09.06 08:12:05.621,1.15137,1.15164,1.69,1.50
2013.09.06 08:12:05.860,1.15137,1.15167,1.69,1.50
2013.09.06 08:12:06.123,1.15137,1.15166,1.69,1.50
2013.09.06 08:12:06.720,1.15136,1.15163,1.50,2.63
2013.09.06 08:12:07.021,1.15136,1.15163,1.50,3.38
2013.09.06 08:12:07.420,1.15136,1.15163,1.50,2.63
2013.09.06 08:12:07.921,1.15136,1.15161,1.50,1.50
2013.09.06 08:12:10.650,1.15137,1.1516,1.50,2.25
2013.09.06 08:12:29.935,1.15137,1.15158,1.50,1.50
2013.09.06 08:12:30.244,1.15131,1.15158,1.50,1.69
2013.09.06 08:12:30.371,1.15137,1.15149,1.50,1.13
2013.09.06 08:12:30.491,1.15137,1.15148,1.50,1.13
2013.09.06 08:12:31.005,1.15136,1.15146,1.50,1.50
2013.09.06 08:12:31.080,1.15136,1.15149,1.50,1.50
2013.09.06 08:12:31.430,1.15136,1.1515,1.50,1.50
2013.09.06 08:12:31.791,1.15132,1.15143,1.50,1.13
2013.09.06 08:12:31.851,1.15133,1.15143,1.50,1.13
2013.09.06 08:12:31.970,1.15126,1.15143,1.50,1.13
2013.09.06 08:12:32.273,1.15126,1.15144,1.50,1.13
2013.09.06 08:12:32.410,1.15123,1.15144,1.50,1.13
2013.09.06 08:12:32.770,1.15123,1.15136,1.50,1.13
2013.09.06 08:12:34.635,1.15123,1.15136,1.50,1.13
2013.09.06 08:12:34.702,1.15123,1.15141,1.50,1.50
2013.09.06 08:12:35.002,1.15127,1.15149,1.50,1.50
2013.09.06 08:12:35.183,1.15126,1.15157,2.25,1.69
2013.09.06 08:12:35.362,1.15126,1.15152,2.25,1.32
2013.09.06 08:12:35.962,1.15126,1.15152,2.25,1.32
2013.09.06 08:12:36.510,1.15127,1.15152,1.50,1.32
2013.09.06 08:12:37.120,1.15127,1.15152,1.50,1.13
2013.09.06 08:12:38.460,1.15128,1.15153,1.50,1.32
2013.09.06 08:12:38.979,1.15129,1.15157,1.50,1.69
2013.09.06 08:12:39.280,1.15133,1.15161,1.50,1.50
2013.09.06 08:12:39.821,1.15132,1.15165,1.88,1.13
2013.09.06 08:12:41.311,1.15135,1.15165,1.50,1.88
2013.09.06 08:12:42.062,1.15139,1.15165,1.50,1.32
2013.09.06 08:12:42.363,1.15148,1.15173,1.88,2.25
2013.09.06 08:12:42.675,1.15149,1.15174,1.50,1.50
2013.09.06 08:12:42.800,1.15158,1.15183,1.50,1.50
2013.09.06 08:12:43.341,1.15159,1.15185,1.50,3.19
2013.09.06 08:12:44.106,1.15159,1.15185,1.50,3.19
2013.09.06 08:12:44.709,1.15159,1.15184,1.50,1.69
2013.09.06 08:12:45.210,1.15158,1.15184,1.50,4.32
2013.09.06 08:12:45.570,1.15154,1.15171,1.50,1.50
2013.09.06 08:12:45.691,1.15143,1.15168,1.50,2.25
2013.09.06 08:12:45.873,1.15143,1.15168,1.50,2.63
2013.09.06 08:12:45.941,1.15142,1.15164,1.50,1.88
2013.09.06 08:12:46.001,1.15137,1.15164,2.25,1.88
2013.09.06 08:12:46.480,1.15137,1.15166,1.50,2.44
2013.09.06 08:12:46.831,1.1513,1.15163,1.32,1.32
2013.09.06 08:12:47.511,1.15132,1.15163,1.69,2.07
2013.09.06 08:13:01.044,1.15132,1.15163,1.50,2.07
2013.09.06 08:13:01.350,1.15128,1.15161,2.63,1.32
2013.09.06 08:13:01.410,1.15131,1.15163,1.50,1.69
2013.09.06 08:13:01.530,1.15131,1.15163,2.25,1.50
2013.09.06 08:13:01.590,1.15134,1.15163,1.13,1.50
2013.09.06 08:13:01.650,1.15134,1.15163,1.13,2.25
2013.09.06 08:13:02.010,1.15134,1.15163,2.63,2.25
2013.09.06 08:13:02.610,1.1513,1.15163,3.00,2.25
2013.09.06 08:13:03.099,1.15134,1.15163,1.50,2.25
2013.09.06 08:13:03.160,1.15142,1.15163,1.13,1.88
2013.09.06 08:13:03.460,1.15139,1.15163,1.13,1.50
2013.09.06 08:13:03.580,1.15137,1.15163,3.75,1.50
2013.09.06 08:13:04.161,1.15137,1.15163,2.25,1.50
2013.09.06 08:13:04.340,1.15137,1.15163,1.50,1.50
2013.09.06 08:13:04.460,1.15134,1.15163,2.44,1.50
2013.09.06 08:13:06.210,1.15134,1.1516,1.32,1.50
2013.09.06 08:13:07.692,1.15136,1.15164,1.13,1.50
2013.09.06 08:13:08.110,1.15139,1.15169,1.13,1.69
2013.09.06 08:13:10.175,1.15135,1.15163,2.07,1.88
2013.09.06 08:13:10.482,1.15131,1.1516,1.69,3.00
2013.09.06 08:13:10.541,1.15128,1.15157,2.25,1.13
2013.09.06 08:13:10.602,1.15128,1.15157,1.50,1.13
2013.09.06 08:13:10.662,1.15128,1.15156,1.50,3.00
2013.09.06 08:13:11.258,1.15128,1.15149,1.50,1.13
2013.09.06 08:13:12.430,1.15128,1.15149,1.50,1.13
2013.09.06 08:13:22.700,1.15128,1.15148,1.50,1.13
2013.09.06 08:13:23.251,1.15127,1.15149,1.50,1.13
2013.09.06 08:13:23.741,1.15127,1.15149,1.50,1.32
2013.09.06 08:13:24.730,1.15127,1.15149,1.50,1.32
2013.09.06 08:13:30.412,1.15127,1.15149,1.50,1.13
2013.09.06 08:13:30.470,1.15127,1.15149,1.50,3.38
2013.09.06 08:13:30.771,1.15127,1.15147,1.50,1.50
2013.09.06 08:13:31.089,1.15128,1.15148,1.50,1.13
2013.09.06 08:13:31.651,1.15128,1.15148,1.50,1.13
2013.09.06 08:13:33.211,1.15128,1.15148,1.50,1.13
2013.09.06 08:13:34.850,1.15128,1.15148,1.50,1.13
2013.09.06 08:13:35.574,1.15128,1.15143,1.50,1.13
2013.09.06 08:13:36.120,1.15128,1.15149,1.50,2.07
2013.09.06 08:13:37.370,1.15128,1.15149,1.50,2.07
2013.09.06 08:13:38.671,1.15128,1.15149,1.50,1.13
2013.09.06 08:13:39.282,1.15128,1.15149,1.50,1.13
2013.09.06 08:13:40.741,1.15128,1.15152,1.50,2.82
2013.09.06 08:13:41.982,1.15128,1.15149,1.50,1.13
2013.09.06 08:13:43.062,1.15128,1.15149,1.50,1.13
2013.09.06 08:13:43.671,1.15128,1.15144,2.25,1.13
2013.09.06 08:13:44.761,1.15128,1.15148,2.25,1.32
2013.09.06 08:13:47.241,1.15128,1.15144,2.25,1.13
2013.09.06 08:13:47.840,1.15128,1.15148,2.25,1.32
2013.09.06 08:13:51.151,1.15128,1.15151,2.25,1.69
2013.09.06 08:13:51.870,1.15128,1.15143,2.25,1.13
2013.09.06 08:13:54.492,1.15128,1.15144,2.25,1.13
2013.09.06 08:13:56.921,1.15128,1.15144,2.25,1.32
2013.09.06 08:13:57.041,1.15128,1.15141,1.50,1.13
2013.09.06 08:13:57.280,1.15127,1.15141,1.50,1.50
2013.09.06 08:13:57.783,1.15127,1.15144,1.50,1.32
2013.09.06 08:13:59.282,1.15127,1.15144,1.50,1.32
2013.09.06 08:14:01.210,1.15127,1.15144,1.50,1.32
2013.09.06 08:14:01.644,1.15127,1.15148,1.50,1.69
2013.09.06 08:14:01.891,1.15127,1.15148,1.50,1.69
2013.09.06 08:14:06.230,1.15127,1.15144,1.50,1.13
2013.09.06 08:14:07.330,1.15127,1.15145,1.50,2.82
2013.09.06 08:14:10.251,1.15128,1.15151,1.50,2.07
2013.09.06 08:14:12.340,1.15128,1.15151,2.25,1.32
2013.09.06 08:14:12.701,1.15128,1.15145,2.25,1.13
2013.09.06 08:14:13.407,1.15128,1.15142,2.25,1.13
2013.09.06 08:14:14.771,1.15128,1.15143,2.25,1.50
2013.09.06 08:14:22.124,1.15128,1.15145,2.25,1.50
2013.09.06 08:14:23.612,1.15128,1.15144,2.25,1.50
2013.09.06 08:14:26.689,1.15128,1.15145,2.25,1.50
2013.09.06 08:14:29.451,1.15128,1.15146,2.25,1.13
2013.09.06 08:14:29.511,1.15128,1.15151,2.25,1.32
2013.09.06 08:14:29.570,1.15128,1.15153,2.25,2.07
2013.09.06 08:14:30.330,1.15128,1.15156,2.25,2.82
2013.09.06 08:14:31.022,1.15128,1.15151,2.25,1.13
2013.09.06 08:14:31.530,1.15128,1.1515,2.25,1.13
2013.09.06 08:14:31.900,1.15128,1.15148,2.25,1.13
2013.09.06 08:14:32.212,1.15128,1.15142,2.25,1.50
2013.09.06 08:14:33.510,1.15128,1.15142,1.50,1.50
2013.09.06 08:14:34.265,1.15128,1.15142,1.50,1.50
2013.09.06 08:14:35.841,1.15128,1.15142,1.50,1.50
2013.09.06 08:14:37.564,1.15128,1.15142,1.50,1.50
2013.09.06 08:14:38.185,1.15128,1.15142,1.50,1.50
2013.09.06 08:14:40.010,1.15127,1.15142,1.50,1.69
2013.09.06 08:14:40.602,1.15127,1.15142,1.50,1.69
2013.09.06 08:14:41.152,1.15127,1.15146,1.50,2.82
2013.09.06 08:14:48.221,1.15127,1.15146,1.50,2.07
2013.09.06 08:14:49.101,1.15127,1.15146,1.50,2.07
2013.09.06 08:14:51.150,1.15127,1.15146,1.50,1.69
2013.09.06 08:14:51.453,1.15126,1.15141,1.50,1.69
2013.09.06 08:14:54.730,1.15127,1.15141,1.50,1.32
2013.09.06 08:14:54.791,1.15127,1.15144,1.50,2.07
2013.09.06 08:14:55.030,1.15127,1.15144,1.50,1.32
2013.09.06 08:15:04.316,1.15127,1.15144,1.50,1.32
2013.09.06 08:15:15.252,1.15127,1.15149,1.50,1.88
2013.09.06 08:15:15.314,1.15127,1.15149,1.50,1.13
2013.09.06 08:15:15.860,1.15127,1.15154,1.50,1.69
2013.09.06 08:15:16.161,1.15127,1.15154,1.50,2.44
2013.09.06 08:15:20.028,1.15127,1.15154,1.50,1.50
2013.09.06 08:15:22.050,1.15128,1.15156,1.50,2.44
2013.09.06 08:15:24.011,1.15128,1.15159,2.44,2.25
2013.09.06 08:15:25.331,1.1513,1.15163,1.69,2.82
2013.09.06 08:15:25.632,1.15132,1.15163,1.69,1.13
2013.09.06 08:15:26.379,1.15132,1.15163,1.50,1.32
2013.09.06 08:15:26.440,1.15131,1.15163,1.50,2.07
2013.09.06 08:15:27.401,1.15128,1.15159,2.44,1.50
2013.09.06 08:15:29.942,1.1513,1.15163,1.69,1.13
2013.09.06 08:15:30.003,1.15131,1.15164,1.32,1.69
2013.09.06 08:15:30.372,1.1513,1.15162,1.69,1.13
2013.09.06 08:15:30.893,1.15128,1.15159,2.44,1.50
2013.09.06 08:15:35.660,1.15128,1.15162,2.25,1.32
2013.09.06 08:15:37.546,1.15128,1.15159,1.50,1.50
2013.09.06 08:15:38.091,1.15127,1.15155,1.50,1.32
2013.09.06 08:15:38.276,1.15127,1.15159,2.07,1.69
2013.09.06 08:15:46.760,1.15128,1.15161,1.69,1.32
2013.09.06 08:15:48.100,1.1513,1.15161,1.32,1.32
2013.09.06 08:15:48.340,1.15132,1.15163,1.50,1.69
2013.09.06 08:15:48.461,1.15133,1.15163,1.13,1.69
2013.09.06 08:15:49.461,1.15133,1.15163,1.13,1.69
2013.09.06 08:15:50.047,1.15133,1.15163,1.13,1.69
2013.09.06 08:15:50.849,1.15132,1.15163,2.25,1.69
2013.09.06 08:15:52.811,1.15132,1.15163,2.44,1.50
2013.09.06 08:15:57.782,1.15133,1.15167,1.69,1.50
2013.09.06 08:16:00.091,1.15137,1.15167,1.13,1.50
2013.09.06 08:16:00.392,1.1514,1.15168,1.50,1.13
2013.09.06 08:16:04.691,1.15144,1.15172,1.13,1.69
2013.09.06 08:16:04.930,1.15147,1.15172,1.13,1.69
2013.09.06 08:16:05.472,1.15147,1.15172,1.13,1.69
2013.09.06 08:16:06.038,1.15147,1.15172,1.13,1.69
2013.09.06 08:16:06.971,1.15144,1.15172,1.13,1.69
2013.09.06 08:16:09.180,1.15138,1.15165,1.69,1.50
2013.09.06 08:16:09.622,1.1514,1.15172,1.69,1.50
2013.09.06 08:16:16.731,1.1514,1.15165,1.69,1.50
2013.09.06 08:16:16.930,1.15141,1.15172,1.50,1.50
2013.09.06 08:16:24.222,1.1514,1.15167,1.32,2.25
2013.09.06 08:16:24.341,1.15136,1.15164,2.44,1.50
2013.09.06 08:16:24.400,1.15136,1.15164,1.69,1.50
2013.09.06 08:16:24.582,1.15133,1.15161,1.69,1.13
2013.09.06 08:16:24.882,1.15133,1.15159,1.69,1.13
2013.09.06 08:16:25.241,1.1513,1.15161,1.50,1.50
2013.09.06 08:16:25.372,1.15129,1.15154,1.69,1.13
2013.09.06 08:16:27.933,1.15128,1.15158,2.25,1.32
2013.09.06 08:16:30.821,1.15128,1.15158,2.44,1.13
2013.09.06 08:16:30.940,1.1513,1.15157,1.50,1.13
2013.09.06 08:16:31.241,1.15133,1.15158,1.32,1.13
2013.09.06 08:16:31.782,1.15135,1.15159,1.32,1.13
2013.09.06 08:16:32.439,1.15135,1.15164,1.32,1.13
2013.09.06 08:16:36.666,1.15136,1.15164,1.69,1.13
2013.09.06 08:16:39.144,1.15136,1.15164,1.69,1.13
2013.09.06 08:16:39.742,1.15135,1.15164,2.07,1.13
2013.09.06 08:16:45.001,1.15134,1.15155,1.32,1.13
2013.09.06 08:16:45.241,1.15136,1.15156,1.50,1.13
2013.09.06 08:16:48.541,1.15134,1.15158,1.13,1.13
2013.09.06 08:16:49.240,1.15136,1.15165,1.69,1.13
2013.09.06 08:16:50.077,1.15136,1.15165,1.69,1.13
2013.09.06 08:16:50.201,1.15134,1.1516,2.07,1.13
2013.09.06 08:16:50.440,1.15134,1.15158,2.07,1.13
2013.09.06 08:16:50.561,1.15134,1.15164,2.07,1.13
2013.09.06 08:16:53.041,1.15134,1.15164,2.07,1.13
2013.09.06 08:16:53.881,1.15136,1.15164,1.69,1.13
2013.09.06 08:16:54.481,1.15134,1.15164,2.07,1.13
2013.09.06 08:16:58.191,1.15135,1.15164,1.69,1.13
2013.09.06 08:16:58.530,1.15136,1.15164,1.69,1.13
2013.09.06 08:16:59.601,1.15136,1.15166,3.57,1.13
2013.09.06 08:17:00.160,1.15136,1.1516,1.69,1.13
2013.09.06 08:17:00.401,1.15135,1.15158,1.32,1.13
2013.09.06 08:17:00.520,1.15136,1.15164,3.94,1.50
2013.09.06 08:17:00.761,1.1514,1.15167,1.69,1.50
2013.09.06 08:17:01.301,1.15139,1.15171,3.19,1.13
2013.09.06 08:17:02.220,1.15143,1.15171,1.69,1.50
2013.09.06 08:17:06.350,1.15143,1.15163,1.69,1.13
2013.09.06 08:17:06.651,1.15142,1.15161,1.69,1.50
2013.09.06 08:17:06.891,1.1514,1.15162,1.69,1.50
2013.09.06 08:17:07.011,1.1514,1.15168,1.69,1.50
2013.09.06 08:17:07.131,1.1514,1.15168,3.19,1.13
2013.09.06 08:17:07.251,1.15142,1.15171,1.69,2.25
2013.09.06 08:17:07.370,1.1514,1.15169,2.44,1.13
2013.09.06 08:17:08.082,1.1514,1.15165,2.44,1.13
2013.09.06 08:17:10.650,1.15141,1.15169,1.69,1.13
2013.09.06 08:17:11.810,1.15142,1.15171,1.69,1.50
2013.09.06 08:17:12.294,1.15143,1.1517,1.69,1.50
2013.09.06 08:17:12.691,1.15144,1.15171,2.44,1.50
2013.09.06 08:17:12.991,1.15146,1.15171,1.69,1.50
2013.09.06 08:17:13.557,1.15146,1.15172,1.69,2.25
2013.09.06 08:17:14.074,1.15146,1.15172,1.69,2.25
2013.09.06 08:17:14.651,1.15145,1.15171,3.19,1.50
2013.09.06 08:17:14.830,1.15146,1.15171,1.69,1.50
2013.09.06 08:17:15.012,1.15146,1.15176,2.44,1.50
2013.09.06 08:17:16.980,1.15152,1.15178,1.32,1.50
2013.09.06 08:17:19.122,1.15156,1.15178,1.13,1.50
2013.09.06 08:17:19.241,1.15157,1.1518,1.69,2.25
2013.09.06 08:17:19.301,1.15159,1.1518,3.00,2.25
2013.09.06 08:17:20.800,1.1516,1.1518,2.44,2.25
2013.09.06 08:17:22.986,1.15159,1.1518,1.32,2.25
2013.09.06 08:17:24.981,1.15159,1.1518,2.82,2.25
2013.09.06 08:17:25.401,1.15158,1.15179,2.82,1.50
2013.09.06 08:17:25.521,1.15157,1.15188,3.19,2.25
2013.09.06 08:17:26.801,1.15159,1.15184,2.44,1.13
2013.09.06 08:17:28.643,1.15159,1.15184,2.44,1.13
2013.09.06 08:17:29.071,1.15153,1.15178,3.19,1.50
2013.09.06 08:17:29.131,1.15153,1.15178,1.69,1.50
2013.09.06 08:17:29.311,1.15152,1.15178,1.69,1.50
2013.09.06 08:17:29.550,1.15149,1.15178,1.69,1.50
2013.09.06 08:17:31.093,1.1515,1.15178,1.69,1.50
2013.09.06 08:17:33.550,1.15151,1.15178,2.44,1.50
2013.09.06 08:17:35.652,1.1515,1.15178,1.69,1.50
2013.09.06 08:17:38.472,1.15154,1.15179,1.32,1.50
2013.09.06 08:17:38.771,1.15161,1.15186,1.69,1.13
2013.09.06 08:17:38.831,1.15161,1.15189,2.44,1.13
2013.09.06 08:17:38.891,1.15163,1.15189,2.44,1.13
2013.09.06 08:17:39.011,1.15163,1.15192,2.44,1.50
2013.09.06 08:17:39.072,1.15163,1.15192,2.44,1.50
2013.09.06 08:17:39.611,1.15161,1.15192,2.44,1.50
2013.09.06 08:17:42.361,1.15165,1.15192,1.69,1.50
2013.09.06 08:17:42.420,1.15165,1.15192,1.69,1.50
2013.09.06 08:17:44.891,1.15165,1.15192,1.69,1.50
2013.09.06 08:17:45.253,1.15162,1.15192,2.44,1.88
2013.09.06 08:17:45.932,1.1516,1.15191,1.69,1.50
2013.09.06 08:17:46.662,1.1516,1.15191,1.69,1.88
2013.09.06 08:17:54.961,1.15159,1.15189,2.07,1.88
2013.09.06 08:17:56.693,1.15159,1.15183,1.32,2.25
2013.09.06 08:17:57.491,1.15159,1.15182,1.32,1.50
2013.09.06 08:17:58.113,1.15159,1.15182,1.32,1.50
2013.09.06 08:18:02.282,1.15159,1.15182,1.32,1.50
2013.09.06 08:18:03.030,1.15159,1.15183,1.32,1.50
2013.09.06 08:18:06.124,1.15161,1.15189,1.69,1.88
2013.09.06 08:18:07.740,1.1516,1.15189,1.69,1.88
2013.09.06 08:18:08.061,1.15156,1.15179,2.44,1.13
2013.09.06 08:18:08.240,1.15156,1.15183,1.69,1.13
2013.09.06 08:18:09.362,1.15156,1.15183,1.69,1.13
2013.09.06 08:18:09.979,1.15156,1.15183,1.69,1.13
2013.09.06 08:18:10.760,1.15152,1.15183,1.69,1.13
2013.09.06 08:18:13.152,1.15156,1.15185,1.69,1.13
2013.09.06 08:18:13.332,1.15156,1.15188,1.69,3.00
2013.09.06 08:18:14.611,1.15156,1.15189,2.44,1.13
2013.09.06 08:18:14.971,1.15158,1.15189,1.69,1.13
2013.09.06 08:18:21.086,1.1516,1.15191,1.32,1.50
2013.09.06 08:18:22.412,1.15158,1.1519,1.32,1.50
2013.09.06 08:18:22.533,1.15154,1.15183,1.69,1.50
2013.09.06 08:18:26.921,1.15153,1.15183,1.32,1.50
2013.09.06 08:18:26.981,1.15153,1.15183,1.32,1.50
2013.09.06 08:18:27.521,1.15147,1.15179,2.44,1.50
2013.09.06 08:18:27.761,1.15147,1.15179,2.44,1.50
2013.09.06 08:18:29.152,1.15148,1.15179,2.44,1.50
2013.09.06 08:18:30.072,1.15152,1.15179,1.32,1.50
2013.09.06 08:18:30.713,1.15157,1.15185,1.32,1.88
2013.09.06 08:18:30.832,1.15159,1.15185,1.32,1.50
2013.09.06 08:18:30.954,1.15157,1.15181,1.69,1.13
2013.09.06 08:18:31.022,1.15152,1.15181,1.69,1.13
2013.09.06 08:18:31.202,1.15151,1.15181,1.69,1.88
2013.09.06 08:18:31.332,1.15151,1.15175,1.69,1.50
2013.09.06 08:18:32.302,1.15146,1.15176,2.82,1.50
2013.09.06 08:18:32.781,1.15146,1.15176,2.07,1.50
2013.09.06 08:18:35.014,1.15146,1.15176,1.32,1.50
2013.09.06 08:18:36.811,1.15146,1.15169,2.07,1.13
2013.09.06 08:18:37.051,1.15142,1.15168,2.44,1.13
2013.09.06 08:18:37.303,1.15142,1.15166,2.44,1.13
2013.09.06 08:18:42.351,1.15142,1.15166,2.44,1.88
2013.09.06 08:18:42.471,1.15142,1.15166,1.69,1.13
2013.09.06 08:18:42.891,1.15136,1.15166,2.44,1.88
2013.09.06 08:18:46.003,1.15142,1.15169,1.32,1.50
2013.09.06 08:18:47.301,1.15138,1.15168,1.32,1.13
2013.09.06 08:18:47.421,1.15136,1.15168,2.07,1.13
2013.09.06 08:18:47.602,1.15136,1.15166,2.07,1.13
2013.09.06 08:18:48.922,1.15136,1.1516,1.69,1.13
2013.09.06 08:18:49.286,1.15139,1.1516,1.69,1.13
2013.09.06 08:18:51.008,1.15139,1.15161,1.69,1.88
2013.09.06 08:18:51.086,1.15139,1.15161,1.69,1.13
2013.09.06 08:18:54.193,1.15137,1.15162,1.69,1.50
2013.09.06 08:18:54.372,1.1514,1.15161,1.69,1.13
2013.09.06 08:18:54.732,1.1514,1.15161,1.69,1.13
2013.09.06 08:18:54.851,1.15136,1.15162,2.44,1.88
2013.09.06 08:18:55.971,1.15136,1.15161,2.44,1.13
2013.09.06 08:18:59.131,1.15136,1.1516,1.69,1.13
2013.09.06 08:18:59.372,1.15134,1.1516,1.32,1.13
2013.09.06 08:18:59.491,1.15134,1.1516,1.32,1.13
2013.09.06 08:18:59.550,1.15134,1.1516,1.32,1.13
2013.09.06 08:18:59.791,1.15131,1.15156,1.69,1.88
2013.09.06 08:18:59.911,1.15127,1.15156,1.69,1.50
2013.09.06 08:19:00.222,1.15133,1.15162,1.32,1.13
2013.09.06 08:19:00.403,1.1513,1.15158,1.32,1.50
2013.09.06 08:19:00.861,1.15127,1.15156,2.44,1.13
2013.09.06 08:19:01.943,1.15127,1.15156,1.69,1.13
2013.09.06 08:19:11.620,1.15126,1.15156,2.44,1.13
2013.09.06 08:19:12.731,1.15126,1.15156,2.44,1.13
2013.09.06 08:19:15.841,1.15127,1.15158,1.69,1.13
2013.09.06 08:19:16.521,1.15126,1.15159,2.44,1.88
2013.09.06 08:19:19.031,1.15126,1.15154,2.44,1.50
2013.09.06 08:19:19.610,1.15126,1.15157,2.44,1.13
2013.09.06 08:19:25.212,1.15127,1.15158,1.69,1.50
2013.09.06 08:19:26.498,1.15127,1.15158,1.69,1.50
2013.09.06 08:19:27.421,1.15127,1.15154,1.69,1.50
2013.09.06 08:19:28.394,1.15127,1.15154,2.44,1.50
2013.09.06 08:19:29.018,1.15127,1.15157,2.44,1.50
2013.09.06 08:19:34.171,1.15127,1.15156,2.44,1.13
2013.09.06 08:19:37.838,1.15127,1.15156,2.44,1.13
2013.09.06 08:19:38.933,1.15127,1.15154,2.44,1.13
2013.09.06 08:19:39.241,1.15127,1.15146,1.50,1.50
2013.09.06 08:19:39.952,1.15127,1.15147,1.50,1.50
2013.09.06 08:19:40.692,1.15127,1.15149,1.50,1.50
2013.09.06 08:19:41.322,1.15127,1.15148,1.50,2.25
2013.09.06 08:19:41.683,1.15127,1.15141,1.50,1.50
2013.09.06 08:19:50.732,1.15127,1.15138,1.50,1.13
2013.09.06 08:19:51.078,1.15127,1.15137,1.50,1.13
2013.09.06 08:19:51.671,1.15127,1.15141,1.50,2.25
2013.09.06 08:19:51.821,1.15126,1.15138,1.50,1.50
2013.09.06 08:19:54.818,1.15115,1.15141,3.00,1.50
2013.09.06 08:19:55.182,1.15115,1.15133,2.25,1.50
2013.09.06 08:19:55.421,1.15116,1.15132,1.50,2.25
2013.09.06 08:19:58.191,1.15115,1.15129,3.00,1.50
2013.09.06 08:19:58.252,1.15115,1.15129,1.50,1.13
2013.09.06 08:19:58.491,1.15115,1.15128,2.25,1.50
2013.09.06 08:19:59.031,1.15115,1.15129,3.00,3.75
2013.09.06 08:19:59.994,1.15114,1.15128,3.00,1.13
2013.09.06 08:20:00.482,1.15115,1.15134,2.25,1.13
2013.09.06 08:20:00.541,1.15115,1.15132,2.25,1.13
2013.09.06 08:20:01.081,1.15114,1.15131,3.00,1.13
2013.09.06 08:20:02.292,1.15114,1.15132,3.00,1.50
2013.09.06 08:20:02.738,1.15115,1.15132,1.50,2.25
2013.09.06 08:20:03.069,1.15106,1.15136,1.50,2.25
2013.09.06 08:20:03.191,1.15104,1.15119,2.18,1.13
2013.09.06 08:20:03.311,1.15104,1.15116,2.18,1.13
2013.09.06 08:20:03.431,1.15114,1.15128,2.25,1.13
2013.09.06 08:20:03.551,1.15115,1.15133,1.50,2.25
2013.09.06 08:20:03.671,1.15114,1.15133,3.00,1.13
2013.09.06 08:20:04.031,1.15114,1.15131,3.00,1.13
2013.09.06 08:20:04.614,1.15114,1.15131,3.00,1.13
2013.09.06 08:20:08.482,1.15115,1.15132,1.50,3.94
2013.09.06 08:20:09.554,1.15115,1.15131,1.50,1.69
2013.09.06 08:20:10.714,1.15115,1.1513,3.00,1.13
2013.09.06 08:20:11.351,1.15115,1.1513,1.50,1.13
2013.09.06 08:20:13.142,1.15115,1.1513,3.00,1.13
2013.09.06 08:20:13.672,1.15115,1.15132,2.25,1.69
2013.09.06 08:20:14.641,1.15115,1.15132,2.25,1.69
2013.09.06 08:20:15.179,1.15114,1.15129,3.00,1.13
2013.09.06 08:20:16.358,1.15115,1.15129,2.25,1.13
2013.09.06 08:20:16.870,1.15114,1.15129,3.00,1.13
2013.09.06 08:20:17.503,1.15115,1.15129,2.25,1.13
2013.09.06 08:20:18.179,1.15114,1.15129,3.00,1.13
2013.09.06 08:20:20.882,1.15114,1.15129,3.00,1.88
2013.09.06 08:20:22.321,1.15114,1.15126,2.25,1.50
2013.09.06 08:20:22.876,1.15111,1.15124,2.25,1.50
2013.09.06 08:20:23.482,1.15112,1.15124,2.25,1.50
2013.09.06 08:20:26.110,1.15112,1.15123,2.25,1.13
2013.09.06 08:20:26.650,1.1511,1.1512,2.25,1.13
2013.09.06 08:20:27.712,1.1511,1.1512,2.25,1.13
2013.09.06 08:20:27.957,1.1511,1.15123,1.50,1.32
2013.09.06 08:20:28.581,1.15111,1.15124,1.50,1.32
2013.09.06 08:20:28.950,1.1511,1.15124,2.25,1.32
2013.09.06 08:20:29.132,1.15106,1.15124,1.50,1.32
2013.09.06 08:20:29.372,1.15097,1.15116,1.50,1.13
2013.09.06 08:20:29.491,1.15097,1.15122,1.50,2.63
2013.09.06 08:20:29.551,1.15096,1.15122,2.44,1.13
2013.09.06 08:20:30.631,1.15097,1.15123,1.50,2.25
2013.09.06 08:20:30.751,1.151,1.15123,2.44,1.50
2013.09.06 08:20:31.052,1.15109,1.15131,1.13,1.50
2013.09.06 08:20:31.411,1.15108,1.15132,1.32,1.50
2013.09.06 08:20:31.590,1.15109,1.15133,1.69,3.00
2013.09.06 08:20:32.211,1.15111,1.15132,1.69,1.50
2013.09.06 08:20:32.332,1.15114,1.15133,1.32,1.50
2013.09.06 08:20:32.631,1.15117,1.15133,1.32,1.50
2013.09.06 08:20:33.190,1.15117,1.15133,1.32,1.50
2013.09.06 08:20:33.711,1.15114,1.15132,2.07,1.50
2013.09.06 08:20:33.772,1.15112,1.15133,1.50,2.25
2013.09.06 08:20:33.952,1.15112,1.15133,1.50,1.50
2013.09.06 08:20:34.391,1.15111,1.15132,1.32,1.50
2013.09.06 08:20:34.571,1.15108,1.15133,1.32,3.00
2013.09.06 08:20:34.871,1.15107,1.15132,1.13,1.13
2013.09.06 08:20:34.931,1.15104,1.1513,1.01,1.13
2013.09.06 08:20:34.991,1.15103,1.15127,1.32,1.50
2013.09.06 08:20:35.530,1.15102,1.15127,1.13,1.50
2013.09.06 08:20:36.221,1.15102,1.15128,1.13,1.50
2013.09.06 08:20:36.363,1.15102,1.15129,1.13,1.13
2013.09.06 08:20:37.324,1.15103,1.15131,1.13,2.44
2013.09.06 08:20:37.632,1.15115,1.15133,1.13,1.50
2013.09.06 08:20:41.733,1.15111,1.15133,1.13,1.50
2013.09.06 08:20:45.061,1.15109,1.15132,1.13,1.50
2013.09.06 08:20:46.121,1.15108,1.15132,1.13,1.88
2013.09.06 08:20:46.241,1.15106,1.15126,1.32,1.50
2013.09.06 08:20:46.361,1.15101,1.15126,1.69,1.50
2013.09.06 08:20:46.603,1.15103,1.15126,1.13,1.50
2013.09.06 08:20:46.722,1.15101,1.15127,1.50,1.50
2013.09.06 08:20:47.231,1.15101,1.15126,1.50,1.50
2013.09.06 08:20:47.932,1.15101,1.15126,1.69,1.50
2013.09.06 08:20:48.111,1.15103,1.15126,1.69,1.50
2013.09.06 08:20:48.232,1.15103,1.1513,1.69,1.50
2013.09.06 08:20:48.351,1.15104,1.15131,1.32,3.00
2013.09.06 08:20:48.412,1.15101,1.15128,2.07,1.50
2013.09.06 08:20:48.771,1.151,1.15126,1.32,1.50
2013.09.06 08:20:48.831,1.151,1.15126,1.69,1.50
2013.09.06 08:20:48.953,1.15101,1.15128,2.07,1.50
2013.09.06 08:20:49.131,1.151,1.15127,1.69,1.50
2013.09.06 08:20:49.251,1.15101,1.1513,1.69,4.13
2013.09.06 08:20:49.370,1.15101,1.1513,2.07,2.25
2013.09.06 08:20:52.843,1.15102,1.15132,1.32,1.88
2013.09.06 08:20:56.721,1.15102,1.15126,1.32,2.25
2013.09.06 08:20:56.782,1.15099,1.15122,1.69,1.50
2013.09.06 08:20:57.321,1.15097,1.15121,1.69,1.50
2013.09.06 08:20:57.851,1.15097,1.15122,1.69,1.50
2013.09.06 08:20:58.622,1.15097,1.15123,1.69,1.50
2013.09.06 08:20:59.061,1.15097,1.15122,1.69,1.50
2013.09.06 08:20:59.391,1.15097,1.15121,2.44,1.50
2013.09.06 08:20:59.959,1.15097,1.15122,2.44,1.50
2013.09.06 08:21:01.211,1.15097,1.15124,2.44,1.50
2013.09.06 08:21:01.992,1.15097,1.15124,2.82,1.50
2013.09.06 08:21:03.332,1.15097,1.15124,2.82,1.50
2013.09.06 08:21:03.845,1.15097,1.15124,2.82,1.50
2013.09.06 08:21:04.581,1.15097,1.15124,2.82,1.50
2013.09.06 08:21:04.711,1.15097,1.15124,2.82,1.50
2013.09.06 08:21:06.271,1.15097,1.15124,2.82,1.50
2013.09.06 08:21:09.480,1.15097,1.15124,2.82,1.50
2013.09.06 08:21:09.641,1.15097,1.15124,2.63,1.50
2013.09.06 08:21:10.374,1.15097,1.15124,2.63,1.50
2013.09.06 08:21:12.553,1.15097,1.15124,1.88,1.50
2013.09.06 08:21:13.984,1.15097,1.15124,1.88,1.50
2013.09.06 08:21:14.442,1.15098,1.15124,1.50,1.50
2013.09.06 08:21:14.981,1.15097,1.15124,1.88,1.50
2013.09.06 08:21:17.101,1.15097,1.15126,2.07,1.13
2013.09.06 08:21:19.121,1.15097,1.15122,2.07,1.50
2013.09.06 08:21:19.638,1.15097,1.15121,2.07,1.50
2013.09.06 08:21:20.371,1.151,1.15121,1.50,1.50
2013.09.06 08:21:20.491,1.15101,1.15126,1.32,2.25
2013.09.06 08:21:21.307,1.15101,1.15128,1.32,1.50
2013.09.06 08:21:24.995,1.15102,1.15122,1.13,1.50
2013.09.06 08:21:25.121,1.15096,1.15118,1.50,1.13
2013.09.06 08:21:25.241,1.15096,1.15117,1.50,1.88
2013.09.06 08:21:26.312,1.15096,1.15117,1.50,1.88
2013.09.06 08:21:26.851,1.15096,1.15117,1.50,1.88
2013.09.06 08:21:28.291,1.15096,1.15113,1.50,1.88
2013.09.06 08:21:28.831,1.15096,1.15107,1.50,1.50
2013.09.06 08:21:29.362,1.15096,1.15116,1.50,2.07
2013.09.06 08:21:30.502,1.15096,1.15119,1.50,1.32
2013.09.06 08:21:31.067,1.15097,1.15121,1.50,1.69
2013.09.06 08:21:37.511,1.15096,1.15124,2.25,1.13
2013.09.06 08:21:37.754,1.15097,1.15125,2.44,1.13
2013.09.06 08:21:38.374,1.15097,1.15129,2.82,1.69
2013.09.06 08:21:39.031,1.15097,1.15129,4.32,1.69
2013.09.06 08:21:41.390,1.15097,1.15129,5.07,1.69
2013.09.06 08:21:42.532,1.15097,1.15129,4.32,1.69
2013.09.06 08:21:43.131,1.15097,1.15129,4.32,1.69
2013.09.06 08:21:44.013,1.15097,1.15129,5.07,1.50
2013.09.06 08:21:46.332,1.15097,1.15129,4.32,1.50
2013.09.06 08:21:46.691,1.15097,1.15116,3.57,1.50
2013.09.06 08:21:50.594,1.15097,1.15116,3.57,2.25
2013.09.06 08:21:50.902,1.15094,1.15116,3.00,2.25
2013.09.06 08:21:52.711,1.15097,1.15119,1.50,1.14
2013.09.06 08:21:52.771,1.15097,1.1512,1.50,1.13
2013.09.06 08:21:55.921,1.15096,1.15118,1.50,1.50
2013.09.06 08:21:56.502,1.15094,1.15116,1.50,1.50
2013.09.06 08:21:57.512,1.15094,1.15119,1.50,1.50
2013.09.06 08:21:57.572,1.15096,1.1512,1.50,1.13
2013.09.06 08:21:58.608,1.15096,1.15124,1.50,1.32
2013.09.06 08:21:59.521,1.15098,1.15129,2.82,1.50
2013.09.06 08:21:59.701,1.15098,1.15126,1.88,1.50
2013.09.06 08:22:00.061,1.15096,1.15126,2.25,2.07
2013.09.06 08:22:00.243,1.15098,1.15126,1.50,1.88
2013.09.06 08:22:00.542,1.15099,1.15132,1.50,2.44
2013.09.06 08:22:00.661,1.15099,1.15126,1.50,1.50
2013.09.06 08:22:00.971,1.15099,1.15122,1.50,1.50
2013.09.06 08:22:02.841,1.15103,1.15122,1.50,1.50
2013.09.06 08:22:05.788,1.15105,1.15122,1.50,1.50
2013.09.06 08:22:05.852,1.15104,1.15122,1.50,1.50
2013.09.06 08:22:06.212,1.15103,1.15123,3.19,1.50
2013.09.06 08:22:06.789,1.15104,1.15123,1.88,1.50
2013.09.06 08:22:10.195,1.15104,1.15123,1.32,1.50
2013.09.06 08:22:11.241,1.15103,1.15123,3.19,1.50
2013.09.06 08:22:19.751,1.15103,1.15123,2.63,1.50
2013.09.06 08:22:19.931,1.15103,1.15126,3.00,1.50
2013.09.06 08:22:19.991,1.15108,1.15131,1.50,3.38
2013.09.06 08:22:20.051,1.1511,1.15133,2.07,2.25
2013.09.06 08:22:20.411,1.15116,1.15134,2.25,1.50
2013.09.06 08:22:20.772,1.15119,1.15139,2.25,1.50
2013.09.06 08:22:21.192,1.15117,1.15133,1.32,1.50
2013.09.06 08:22:21.702,1.1512,1.15132,1.13,1.50
2013.09.06 08:22:22.846,1.15117,1.15132,1.32,1.50
2013.09.06 08:22:23.581,1.15113,1.15132,1.32,1.50
2013.09.06 08:22:23.641,1.15114,1.15133,1.69,1.50
2013.09.06 08:22:23.821,1.15126,1.15137,1.13,1.50
2013.09.06 08:22:24.517,1.15121,1.15137,1.13,2.25
2013.09.06 08:22:24.594,1.15116,1.15152,2.07,2.44
2013.09.06 08:22:25.631,1.15116,1.15149,1.32,1.50
2013.09.06 08:22:26.361,1.15116,1.15149,1.69,1.50
2013.09.06 08:22:26.543,1.15134,1.1515,1.88,1.50
2013.09.06 08:22:26.781,1.15134,1.15153,1.13,2.25
2013.09.06 08:22:27.210,1.15134,1.15157,1.88,2.25
2013.09.06 08:22:28.031,1.15134,1.15158,1.13,2.25
2013.09.06 08:22:28.551,1.15126,1.15153,1.32,1.50
2013.09.06 08:22:28.612,1.15126,1.15153,1.32,1.50
2013.09.06 08:22:28.731,1.15125,1.15153,1.32,1.50
2013.09.06 08:22:31.901,1.15126,1.15154,1.32,1.88
2013.09.06 08:22:32.143,1.15143,1.15163,1.13,3.00
2013.09.06 08:22:32.325,1.15149,1.15163,1.50,1.50
2013.09.06 08:22:32.511,1.15149,1.15168,1.50,1.50
2013.09.06 08:22:32.849,1.15149,1.15168,1.50,2.25
2013.09.06 08:22:33.391,1.15148,1.15153,1.13,1.50
2013.09.06 08:22:33.451,1.15143,1.15153,1.13,1.50
2013.09.06 08:22:33.572,1.15134,1.15153,1.13,2.25
2013.09.06 08:22:33.632,1.1513,1.15153,1.32,2.25
2013.09.06 08:22:34.161,1.15129,1.15152,2.07,1.50
2013.09.06 08:22:44.511,1.15127,1.15152,1.69,1.50
2013.09.06 08:22:44.572,1.15126,1.15152,2.07,1.50
2013.09.06 08:22:45.199,1.15125,1.15149,1.32,1.50
2013.09.06 08:22:47.651,1.15126,1.15152,1.32,1.50
2013.09.06 08:22:57.152,1.15125,1.15149,1.32,1.50
2013.09.06 08:23:06.061,1.15121,1.15149,1.69,1.50
2013.09.06 08:23:06.182,1.15121,1.15149,1.50,1.50
2013.09.06 08:23:06.302,1.15119,1.15149,1.32,1.88
2013.09.06 08:23:06.854,1.15118,1.15149,1.32,1.88
2013.09.06 08:23:07.381,1.15118,1.15149,1.13,2.07
2013.09.06 08:23:09.662,1.15118,1.15149,1.32,1.88
2013.09.06 08:23:09.781,1.15119,1.15149,1.32,1.50
2013.09.06 08:23:12.676,1.15128,1.15152,1.20,1.50
2013.09.06 08:23:12.743,1.15135,1.15155,1.50,1.69
2013.09.06 08:23:12.802,1.15136,1.15155,1.50,1.50
2013.09.06 08:23:12.863,1.15137,1.15155,1.13,1.50
2013.09.06 08:23:13.223,1.1514,1.15156,1.32,1.50
2013.09.06 08:23:21.663,1.15145,1.15155,1.13,1.50
2013.09.06 08:23:22.381,1.15145,1.15155,1.13,1.50
2013.09.06 08:23:23.191,1.15145,1.15155,1.13,1.50
2013.09.06 08:23:24.992,1.15139,1.15155,1.32,1.50
2013.09.06 08:23:25.992,1.15137,1.15153,1.69,1.50
2013.09.06 08:23:26.051,1.15137,1.15153,1.69,1.50
2013.09.06 08:23:26.592,1.15131,1.15152,1.69,1.50
2013.09.06 08:23:32.681,1.15133,1.15152,1.69,1.50
2013.09.06 08:23:34.311,1.15131,1.15152,1.32,2.25
2013.09.06 08:23:34.551,1.15131,1.15152,1.13,2.25
2013.09.06 08:23:34.732,1.15122,1.15147,3.19,2.25
2013.09.06 08:23:34.791,1.15122,1.15146,3.19,1.50
2013.09.06 08:23:35.303,1.15122,1.15146,2.82,1.50
2013.09.06 08:23:36.372,1.15122,1.15146,2.82,1.50
2013.09.06 08:23:36.903,1.15122,1.15146,2.82,1.50
2013.09.06 08:23:46.211,1.15124,1.15152,2.82,3.38
2013.09.06 08:23:46.717,1.15127,1.15152,1.32,2.25
2013.09.06 08:23:50.131,1.15122,1.15145,1.32,1.50
2013.09.06 08:23:57.995,1.15121,1.15152,2.07,2.63
2013.09.06 08:23:59.021,1.15121,1.15152,2.07,1.50
2013.09.06 08:24:02.432,1.15121,1.15148,2.07,1.50
2013.09.06 08:24:03.029,1.15121,1.15144,2.07,1.50
2013.09.06 08:24:03.765,1.15121,1.15142,2.07,1.50
2013.09.06 08:24:11.331,1.15121,1.15142,1.32,1.50
2013.09.06 08:24:19.161,1.15117,1.15142,1.32,1.50
2013.09.06 08:24:24.282,1.15124,1.15142,1.69,1.50
2013.09.06 08:24:25.861,1.15123,1.15142,2.07,1.50
2013.09.06 08:24:26.391,1.15123,1.15142,2.07,1.50
2013.09.06 08:24:27.331,1.15123,1.15142,2.07,1.50
2013.09.06 08:24:28.441,1.15123,1.15142,2.07,1.50
2013.09.06 08:24:38.309,1.15123,1.15142,2.07,1.50
2013.09.06 08:24:39.066,1.15123,1.15142,2.07,1.50
2013.09.06 08:24:43.001,1.15124,1.15142,1.69,1.50
2013.09.06 08:24:43.120,1.15123,1.15142,2.07,1.50
2013.09.06 08:24:43.893,1.15123,1.15142,1.32,1.50
2013.09.06 08:24:45.441,1.15123,1.15143,2.07,1.50
2013.09.06 08:24:46.054,1.15123,1.15139,1.88,1.50
2013.09.06 08:24:46.291,1.15112,1.15139,1.50,1.13
2013.09.06 08:24:46.351,1.15105,1.15139,1.69,1.32
2013.09.06 08:24:46.411,1.15105,1.15139,1.69,2.07
2013.09.06 08:24:46.531,1.15105,1.15139,3.19,2.07
2013.09.06 08:24:46.891,1.15107,1.15139,1.69,1.88
2013.09.06 08:24:47.251,1.15113,1.15143,1.50,2.44
2013.09.06 08:24:48.201,1.15113,1.15143,1.50,2.82
2013.09.06 08:24:48.871,1.15112,1.15143,1.50,2.44
2013.09.06 08:24:49.582,1.15113,1.15143,1.32,1.50
2013.09.06 08:24:49.762,1.15109,1.15143,1.32,1.50
2013.09.06 08:24:51.524,1.15105,1.15138,2.07,1.13
2013.09.06 08:24:52.178,1.15109,1.15143,1.32,2.44
2013.09.06 08:24:53.491,1.15105,1.15138,1.69,2.25
2013.09.06 08:24:53.611,1.15102,1.15137,1.69,1.50
2013.09.06 08:24:53.671,1.15102,1.15137,1.50,1.69
2013.09.06 08:24:53.851,1.151,1.15132,1.69,1.13
2013.09.06 08:24:58.002,1.15101,1.15135,1.32,1.69
2013.09.06 08:24:58.303,1.15103,1.15133,2.07,1.50
2013.09.06 08:24:58.482,1.151,1.15133,1.32,1.50
2013.09.06 08:25:18.112,1.15103,1.15132,1.32,1.50
2013.09.06 08:25:18.471,1.15103,1.15125,1.50,1.50
2013.09.06 08:25:18.531,1.15098,1.15125,1.69,1.50
2013.09.06 08:25:25.293,1.15097,1.15126,2.07,2.25
2013.09.06 08:25:35.461,1.15097,1.15123,1.88,2.25
2013.09.06 08:25:40.311,1.15097,1.15123,1.88,3.00
2013.09.06 08:25:41.941,1.1509,1.15118,1.88,1.50
2013.09.06 08:25:42.182,1.15087,1.15114,1.13,1.50
2013.09.06 08:25:42.731,1.15087,1.15118,1.32,1.50
2013.09.06 08:25:42.792,1.15087,1.15118,1.32,2.25
2013.09.06 08:25:45.352,1.15087,1.15118,1.32,1.50
2013.09.06 08:25:45.473,1.1509,1.15118,1.32,1.50
2013.09.06 08:25:45.861,1.15097,1.15118,1.50,1.50
2013.09.06 08:25:46.861,1.15087,1.15118,2.07,1.50
2013.09.06 08:25:47.471,1.15087,1.15118,1.32,2.25
2013.09.06 08:25:47.861,1.15087,1.15103,1.32,1.50
2013.09.06 08:25:48.962,1.15087,1.15103,1.32,1.50
2013.09.06 08:25:53.023,1.15084,1.15103,2.07,1.50
2013.09.06 08:25:53.502,1.15084,1.15104,3.94,1.50
2013.09.06 08:25:53.561,1.15086,1.15104,1.13,1.50
2013.09.06 08:25:54.341,1.15084,1.15104,1.69,1.50
2013.09.06 08:25:54.401,1.15083,1.15104,3.38,1.50
2013.09.06 08:25:56.573,1.15084,1.15104,3.00,1.50
2013.09.06 08:26:04.662,1.15084,1.15103,2.25,1.50
2013.09.06 08:26:11.925,1.15084,1.15103,2.82,1.50
2013.09.06 08:26:12.232,1.15086,1.15103,1.88,1.50
2013.09.06 08:26:15.962,1.15086,1.15103,2.07,1.50
2013.09.06 08:26:20.269,1.15089,1.15103,1.32,1.50
2013.09.06 08:26:22.721,1.15086,1.15103,1.32,1.50
2013.09.06 08:26:22.782,1.15084,1.15103,2.44,1.50
2013.09.06 08:26:23.801,1.15084,1.15103,3.57,1.50
2013.09.06 08:26:25.251,1.15084,1.15104,3.57,1.50
2013.09.06 08:26:31.564,1.15085,1.15104,1.69,1.50
2013.09.06 08:26:31.635,1.15087,1.15104,1.13,1.50
2013.09.06 08:26:32.182,1.15092,1.15103,1.13,1.50
2013.09.06 08:26:33.012,1.15092,1.15122,1.69,1.50
2013.09.06 08:26:33.251,1.15092,1.15123,1.32,2.44
2013.09.06 08:26:34.481,1.15092,1.15123,1.32,3.19
2013.09.06 08:26:36.543,1.15094,1.15123,2.07,3.00
2013.09.06 08:26:36.901,1.151,1.15123,1.50,2.25
2013.09.06 08:26:54.182,1.15104,1.15111,1.50,1.50
2013.09.06 08:26:54.542,1.15095,1.1512,1.69,2.25
2013.09.06 08:26:54.603,1.15092,1.1512,2.07,2.25
2013.09.06 08:26:54.664,1.15092,1.15121,1.32,1.88
2013.09.06 08:26:54.844,1.15094,1.1512,1.32,1.50
2013.09.06 08:26:54.962,1.15094,1.15123,3.19,1.50
2013.09.06 08:26:55.083,1.15098,1.15123,1.13,1.50
2013.09.06 08:26:55.983,1.15098,1.15123,1.32,1.50
2013.09.06 08:27:00.464,1.15098,1.15122,1.69,1.50
2013.09.06 08:27:01.551,1.15103,1.15122,1.32,1.50
2013.09.06 08:27:06.193,1.15103,1.15122,1.32,1.50
2013.09.06 08:27:08.922,1.15107,1.15122,1.13,1.50
2013.09.06 08:27:10.143,1.15107,1.15122,1.13,1.50
2013.09.06 08:27:11.252,1.15107,1.15122,1.32,1.50
2013.09.06 08:27:11.542,1.15105,1.15122,1.32,1.50
2013.09.06 08:27:20.921,1.15098,1.15122,2.07,1.50
2013.09.06 08:27:24.622,1.15098,1.15123,2.07,1.50
2013.09.06 08:27:24.923,1.15107,1.15123,1.13,2.25
2013.09.06 08:27:25.282,1.15107,1.15123,1.88,2.25
2013.09.06 08:27:34.952,1.15101,1.15123,2.07,2.25
2013.09.06 08:27:35.011,1.15101,1.15123,1.50,2.25
2013.09.06 08:27:35.312,1.15101,1.15123,1.13,2.25
2013.09.06 08:27:35.672,1.15104,1.15123,1.13,2.25
2013.09.06 08:27:35.852,1.15104,1.15123,1.32,2.25
2013.09.06 08:27:44.193,1.15101,1.15122,1.32,1.50
2013.09.06 08:27:45.981,1.15099,1.15122,1.32,1.50
2013.09.06 08:27:46.542,1.15099,1.15122,1.32,1.50
2013.09.06 08:27:47.981,1.15101,1.15123,1.13,1.50
2013.09.06 08:28:02.793,1.15101,1.15123,1.69,1.50
2013.09.06 08:28:03.302,1.15104,1.15125,1.13,1.50
2013.09.06 08:28:06.652,1.15104,1.15128,1.32,2.25
2013.09.06 08:28:06.711,1.15108,1.15128,1.50,1.50
2013.09.06 08:28:06.771,1.1511,1.15128,1.50,1.50
2013.09.06 08:28:07.281,1.1511,1.15129,1.50,1.50
2013.09.06 08:28:07.841,1.1511,1.15128,1.50,1.50
2013.09.06 08:28:08.351,1.1511,1.15129,1.50,1.50
2013.09.06 08:28:09.932,1.15117,1.15134,1.50,1.50
2013.09.06 08:28:09.991,1.15117,1.15137,1.50,1.69
2013.09.06 08:28:16.671,1.15117,1.15134,1.50,1.50
2013.09.06 08:28:18.381,1.15117,1.15134,1.54,1.50
2013.09.06 08:28:18.623,1.15117,1.15134,1.50,1.50
2013.09.06 08:28:22.421,1.15117,1.15134,1.50,1.88
2013.09.06 08:28:22.781,1.15117,1.15129,1.50,2.25
2013.09.06 08:28:22.841,1.15117,1.15129,1.50,1.50
2013.09.06 08:28:22.961,1.15096,1.15129,1.32,1.50
2013.09.06 08:28:23.201,1.15093,1.15129,1.32,1.50
2013.09.06 08:28:23.262,1.15091,1.15125,2.44,1.13
2013.09.06 08:28:25.103,1.15091,1.15125,1.69,1.13
2013.09.06 08:28:25.161,1.15091,1.15124,2.44,1.50
2013.09.06 08:28:26.081,1.15091,1.15124,2.44,1.69
2013.09.06 08:28:30.702,1.15091,1.1512,1.69,1.13
2013.09.06 08:28:32.209,1.1509,1.15116,1.32,1.13
2013.09.06 08:28:43.402,1.15088,1.15118,1.32,1.50
2013.09.06 08:28:44.342,1.1509,1.15121,1.32,1.13
2013.09.06 08:28:48.572,1.15091,1.15121,1.13,1.32
2013.09.06 08:28:51.371,1.15087,1.15118,2.07,1.50
2013.09.06 08:28:51.733,1.15087,1.15113,2.07,1.50
2013.09.06 08:28:55.064,1.15093,1.15113,1.13,1.50
2013.09.06 08:28:55.374,1.15092,1.15112,1.32,1.50
2013.09.06 08:28:55.434,1.15092,1.15113,1.32,1.50
2013.09.06 08:28:55.553,1.15091,1.15121,1.32,1.13
2013.09.06 08:28:55.611,1.15091,1.15122,1.32,1.13
2013.09.06 08:28:55.962,1.15091,1.15121,1.32,1.13
2013.09.06 08:28:59.422,1.15091,1.15117,1.32,1.13
2013.09.06 08:28:59.995,1.15091,1.15121,1.32,1.13
2013.09.06 08:29:19.692,1.15088,1.15108,1.13,1.13
2013.09.06 08:29:19.813,1.15084,1.15108,3.75,1.13
2013.09.06 08:29:19.932,1.15084,1.15109,3.75,1.13
2013.09.06 08:29:24.054,1.15084,1.15108,3.00,1.69
2013.09.06 08:29:24.411,1.15074,1.15089,1.80,1.13
2013.09.06 08:29:24.902,1.15073,1.15088,1.13,1.13
2013.09.06 08:29:25.022,1.15069,1.15088,1.13,1.13
2013.09.06 08:29:25.682,1.15062,1.15088,1.50,1.13
2013.09.06 08:29:26.292,1.15062,1.1509,1.50,1.13
2013.09.06 08:29:26.988,1.15062,1.1509,1.50,1.13
2013.09.06 08:29:27.997,1.15065,1.15091,1.13,1.64
2013.09.06 08:29:28.192,1.15065,1.15092,1.13,2.02
2013.09.06 08:29:31.802,1.15072,1.15091,1.13,1.27
2013.09.06 08:29:33.183,1.15072,1.15092,1.13,2.39
2013.09.06 08:29:33.462,1.15065,1.15091,1.13,2.02
2013.09.06 08:29:34.153,1.15065,1.15091,1.13,2.02
2013.09.06 08:29:34.454,1.15065,1.1509,1.13,1.32
2013.09.06 08:29:35.111,1.15065,1.1509,1.13,1.32
2013.09.06 08:29:35.413,1.15066,1.15091,1.13,1.32
2013.09.06 08:29:35.964,1.15066,1.15091,1.13,1.32
2013.09.06 08:29:36.743,1.15066,1.15091,1.13,1.32
2013.09.06 08:29:37.075,1.15058,1.15091,1.50,2.44
2013.09.06 08:29:37.203,1.15062,1.15091,1.50,1.32
2013.09.06 08:29:39.102,1.15063,1.15094,1.13,1.69
2013.09.06 08:29:39.162,1.15063,1.15094,1.13,1.69
2013.09.06 08:29:39.342,1.15063,1.15094,1.13,1.69
2013.09.06 08:29:40.672,1.15063,1.15092,1.13,1.32
2013.09.06 08:29:40.732,1.15062,1.15092,1.50,1.69
2013.09.06 08:29:41.271,1.15061,1.15092,1.50,1.69
2013.09.06 08:29:41.916,1.15061,1.15092,1.50,1.69
2013.09.06 08:29:43.481,1.15061,1.15092,1.50,1.69
2013.09.06 08:29:43.722,1.15063,1.15092,1.50,1.69
2013.09.06 08:29:43.781,1.15064,1.15095,1.50,1.69
2013.09.06 08:29:55.431,1.15062,1.15094,2.44,1.50
2013.09.06 08:29:55.552,1.15066,1.15098,1.69,1.32
2013.09.06 08:29:57.012,1.15068,1.15099,1.13,1.69
2013.09.06 08:29:57.513,1.1507,1.15101,1.13,1.69
2013.09.06 08:29:58.241,1.1507,1.15101,1.13,1.69
2013.09.06 08:30:00.845,1.1507,1.15101,1.88,1.69
2013.09.06 08:30:01.213,1.1507,1.15093,1.13,1.50
2013.09.06 08:30:04.381,1.15067,1.15094,1.69,2.25
2013.09.06 08:30:04.753,1.15068,1.15094,1.13,2.44
2013.09.06 08:30:04.933,1.15067,1.15093,1.50,1.69
2013.09.06 08:30:05.112,1.15065,1.15093,1.13,1.69
2013.09.06 08:30:05.635,1.15065,1.15093,2.82,1.50
2013.09.06 08:30:09.301,1.15065,1.15093,1.32,2.25
2013.09.06 08:30:14.945,1.15062,1.15093,2.07,3.00
2013.09.06 08:30:20.675,1.15065,1.15093,1.13,2.44
2013.09.06 08:30:21.823,1.15065,1.15093,1.13,1.69
2013.09.06 08:30:22.363,1.15071,1.15093,1.13,1.50
2013.09.06 08:30:22.781,1.15072,1.15093,1.13,1.50
2013.09.06 08:30:23.444,1.15071,1.15093,1.13,1.50
2013.09.06 08:30:36.682,1.15072,1.15093,1.13,1.50
2013.09.06 08:30:41.304,1.15072,1.15093,1.13,1.50
2013.09.06 08:30:41.425,1.15076,1.15093,1.13,1.50
2013.09.06 08:30:41.495,1.1507,1.15093,1.32,1.50
2013.09.06 08:30:41.622,1.15066,1.15093,2.82,1.50
2013.09.06 08:30:41.744,1.15066,1.15094,1.69,1.50
2013.09.06 08:30:41.982,1.15066,1.15092,1.50,3.00
2013.09.06 08:30:42.535,1.15061,1.15089,1.50,1.50
2013.09.06 08:30:42.595,1.1506,1.15089,1.50,1.50
2013.09.06 08:30:42.656,1.15057,1.15089,1.50,2.25
2013.09.06 08:30:42.962,1.15056,1.15086,1.88,1.69
2013.09.06 08:30:43.023,1.15056,1.15086,1.27,1.69
2013.09.06 08:30:43.142,1.15057,1.15087,1.29,1.69
2013.09.06 08:30:43.203,1.15061,1.1509,1.29,1.32
2013.09.06 08:30:43.263,1.15061,1.15091,1.13,3.19
2013.09.06 08:30:43.772,1.1506,1.1509,1.13,1.69
2013.09.06 08:30:44.313,1.15064,1.15091,1.13,1.69
2013.09.06 08:30:46.542,1.15064,1.15089,1.13,1.69
2013.09.06 08:30:50.407,1.15061,1.15093,1.13,1.32
2013.09.06 08:30:50.474,1.15058,1.15091,1.32,1.13
2013.09.06 08:30:50.596,1.15061,1.15091,1.50,1.13
2013.09.06 08:30:50.782,1.15062,1.15091,1.50,1.13
2013.09.06 08:30:51.364,1.15062,1.15091,1.50,1.13
2013.09.06 08:30:52.122,1.15062,1.15093,2.25,1.69
2013.09.06 08:30:52.243,1.15064,1.15093,1.13,1.13
2013.09.06 08:30:55.743,1.15067,1.15098,1.13,1.69
2013.09.06 08:31:00.395,1.15068,1.15098,1.32,1.50
2013.09.06 08:31:08.646,1.15067,1.15098,2.07,2.25
2013.09.06 08:31:08.952,1.15076,1.15096,1.50,2.25
2013.09.06 08:31:09.254,1.15082,1.15102,1.13,2.25
2013.09.06 08:31:15.533,1.15077,1.15102,1.13,3.00
2013.09.06 08:31:31.136,1.15075,1.15102,1.13,1.69
2013.09.06 08:31:43.138,1.15084,1.15102,1.13,1.50
2013.09.06 08:31:43.382,1.15078,1.15102,1.50,1.50
2013.09.06 08:31:43.502,1.15076,1.15103,1.13,3.00
2013.09.06 08:31:43.562,1.15075,1.15103,1.32,3.00
2013.09.06 08:31:43.683,1.15075,1.15103,1.32,2.25
2013.09.06 08:31:45.402,1.15077,1.15103,1.50,3.75
2013.09.06 08:31:53.789,1.15083,1.15102,1.13,1.50
2013.09.06 08:31:53.972,1.15083,1.15103,1.13,2.25
2013.09.06 08:31:57.664,1.1509,1.15103,1.13,2.25
2013.09.06 08:31:58.033,1.15082,1.15103,1.65,2.25
2013.09.06 08:32:01.463,1.15081,1.15103,1.05,3.00
2013.09.06 08:32:01.823,1.15081,1.15102,1.05,1.50
2013.09.06 08:32:02.363,1.15081,1.15102,1.05,1.50
2013.09.06 08:32:02.872,1.15081,1.15103,1.05,4.50
2013.09.06 08:32:03.543,1.15081,1.15102,1.05,1.50
2013.09.06 08:32:05.977,1.15082,1.15102,1.65,1.50
2013.09.06 08:32:08.073,1.15082,1.15102,1.65,1.50
2013.09.06 08:32:08.434,1.15084,1.15103,1.88,1.50
2013.09.06 08:32:08.793,1.1509,1.15104,1.32,2.25
2013.09.06 08:32:10.033,1.15092,1.1511,1.50,2.25
2013.09.06 08:32:10.573,1.15091,1.15103,1.69,1.50
2013.09.06 08:32:10.692,1.15091,1.15103,1.69,1.50
2013.09.06 08:32:11.243,1.15083,1.15103,1.32,2.25
2013.09.06 08:32:11.423,1.15086,1.15102,1.13,1.50
2013.09.06 08:32:17.392,1.15086,1.15103,1.13,1.50
2013.09.06 08:32:17.452,1.15086,1.15103,1.13,1.50
2013.09.06 08:32:17.692,1.15086,1.15103,1.13,1.50
2013.09.06 08:32:18.173,1.15092,1.15103,1.13,1.50
2013.09.06 08:32:18.848,1.15088,1.15103,1.13,1.50
2013.09.06 08:32:19.092,1.15088,1.15103,1.13,1.50
2013.09.06 08:32:19.452,1.15088,1.15103,1.69,1.50
2013.09.06 08:32:19.992,1.15094,1.15122,1.32,1.50
2013.09.06 08:32:20.673,1.15094,1.15126,1.32,1.50
2013.09.06 08:32:20.912,1.15094,1.15128,1.32,1.32
2013.09.06 08:32:21.892,1.15097,1.15127,1.50,1.13
2013.09.06 08:32:22.563,1.15097,1.15128,2.25,1.32
2013.09.06 08:32:22.883,1.15097,1.15128,3.00,1.32
2013.09.06 08:32:25.833,1.151,1.1513,1.13,1.69
2013.09.06 08:32:37.444,1.151,1.1513,1.32,1.50
2013.09.06 08:32:38.651,1.151,1.1513,1.32,1.50
2013.09.06 08:32:39.644,1.15101,1.15133,1.69,1.50
2013.09.06 08:32:39.704,1.15101,1.15133,1.69,1.50
2013.09.06 08:32:39.825,1.15101,1.15133,1.50,1.69
2013.09.06 08:32:40.454,1.15099,1.1513,1.32,2.44
2013.09.06 08:32:44.903,1.15101,1.15133,1.50,2.44
2013.09.06 08:32:45.263,1.15099,1.15129,1.32,1.50
2013.09.06 08:32:51.513,1.15106,1.15131,1.50,1.50
2013.09.06 08:32:51.814,1.15109,1.15133,1.13,1.69
2013.09.06 08:32:53.803,1.15097,1.15128,2.07,1.50
2013.09.06 08:32:53.982,1.15097,1.15126,1.69,1.13
2013.09.06 08:32:54.222,1.1509,1.15127,1.32,2.07
2013.09.06 08:32:54.859,1.1509,1.15124,1.32,2.63
2013.09.06 08:32:55.438,1.1509,1.15123,1.32,2.25
2013.09.06 08:32:55.660,1.1509,1.15122,2.07,1.50
2013.09.06 08:33:01.483,1.1509,1.15122,2.07,1.50
2013.09.06 08:33:02.274,1.1509,1.15119,1.69,1.13
2013.09.06 08:33:02.634,1.1509,1.15111,1.50,1.13
2013.09.06 08:33:04.054,1.1509,1.15119,1.50,1.88
2013.09.06 08:33:04.855,1.1509,1.15113,1.32,1.50
2013.09.06 08:33:17.183,1.1509,1.15112,1.32,1.50
2013.09.06 08:33:17.840,1.1509,1.15112,1.32,1.50
2013.09.06 08:33:20.414,1.1509,1.15112,1.32,1.50
2013.09.06 08:33:20.933,1.1509,1.15112,1.32,1.50
2013.09.06 08:33:21.114,1.1509,1.15113,1.32,1.50
2013.09.06 08:33:28.573,1.15097,1.15113,1.13,1.50
2013.09.06 08:33:28.633,1.15096,1.15113,1.32,1.50
2013.09.06 08:33:28.813,1.15096,1.15113,1.32,2.25
2013.09.06 08:33:29.174,1.15095,1.15113,1.32,2.25
2013.09.06 08:33:29.742,1.15095,1.15113,1.32,2.25
2013.09.06 08:33:30.102,1.15096,1.15113,1.13,2.25
2013.09.06 08:33:32.674,1.15096,1.15113,1.13,2.25
2013.09.06 08:33:33.192,1.1509,1.15111,2.07,1.50
2013.09.06 08:33:34.665,1.1509,1.15111,2.07,1.50
2013.09.06 08:33:35.387,1.1509,1.15111,2.07,1.50
2013.09.06 08:33:39.102,1.15091,1.15111,1.69,1.50
2013.09.06 08:33:39.403,1.15098,1.15112,2.25,1.50
2013.09.06 08:33:39.945,1.15102,1.15112,1.50,1.50
2013.09.06 08:33:40.653,1.15102,1.15112,1.13,1.50
2013.09.06 08:33:42.206,1.15096,1.15111,1.13,1.50
2013.09.06 08:33:42.457,1.15088,1.15111,1.32,1.50
2013.09.06 08:33:42.763,1.15088,1.15111,1.13,1.50
2013.09.06 08:33:43.394,1.15086,1.15111,1.13,3.00
2013.09.06 08:33:49.333,1.15083,1.15111,1.32,2.25
2013.09.06 08:33:50.024,1.15082,1.15111,1.32,2.25
2013.09.06 08:33:58.007,1.15082,1.15104,1.32,1.50
2013.09.06 08:34:03.596,1.15082,1.15103,1.32,2.25
2013.09.06 08:34:03.862,1.15082,1.15103,1.32,3.00
2013.09.06 08:34:05.377,1.15081,1.15103,1.32,3.00
2013.09.06 08:34:05.883,1.15082,1.15103,1.32,3.00
2013.09.06 08:34:06.243,1.15082,1.15109,1.13,1.50
2013.09.06 08:34:06.544,1.15086,1.15104,1.50,1.50
2013.09.06 08:34:09.793,1.15086,1.15112,1.69,1.50
2013.09.06 08:34:13.466,1.15085,1.15108,1.13,1.50
2013.09.06 08:34:14.014,1.15078,1.15103,1.50,1.50
2013.09.06 08:34:14.552,1.15077,1.15103,1.50,2.25
2013.09.06 08:34:15.007,1.15077,1.15102,1.13,2.25
2013.09.06 08:34:15.838,1.15077,1.15102,1.13,4.50
2013.09.06 08:34:16.224,1.15077,1.15102,1.13,4.50
2013.09.06 08:34:26.293,1.15073,1.15101,1.13,2.25
2013.09.06 08:34:26.833,1.15073,1.15099,1.13,2.44
2013.09.06 08:34:31.622,1.15071,1.15099,1.13,3.19
2013.09.06 08:34:32.045,1.15072,1.15101,1.13,2.44
2013.09.06 08:34:32.413,1.15067,1.15095,1.13,1.69
2013.09.06 08:34:32.894,1.15067,1.15093,1.13,1.50
2013.09.06 08:34:36.003,1.15067,1.15092,1.13,1.13
2013.09.06 08:34:44.166,1.15072,1.15094,1.13,2.44
2013.09.06 08:34:44.234,1.15072,1.15094,1.13,2.44
2013.09.06 08:34:44.473,1.15072,1.15094,1.13,1.50
2013.09.06 08:34:44.594,1.15067,1.15096,1.13,2.44
2013.09.06 08:34:44.963,1.15072,1.151,1.13,2.25
2013.09.06 08:34:45.623,1.15072,1.15096,1.13,1.50
2013.09.06 08:34:45.982,1.15072,1.15094,1.13,1.50
2013.09.06 08:34:46.163,1.15072,1.15093,1.13,1.88
2013.09.06 08:34:46.343,1.15072,1.15092,1.13,1.13
2013.09.06 08:34:47.123,1.15072,1.15093,1.13,1.50
2013.09.06 08:34:50.533,1.15067,1.15093,1.13,1.50
2013.09.06 08:34:50.892,1.15067,1.15093,1.13,1.69
2013.09.06 08:34:51.013,1.15067,1.15093,1.13,1.69
2013.09.06 08:34:51.313,1.15067,1.15095,1.13,1.50
2013.09.06 08:34:52.493,1.15068,1.15098,1.13,3.57
2013.09.06 08:34:52.613,1.15068,1.1509,1.13,1.50
2013.09.06 08:34:52.673,1.15067,1.1509,1.13,1.69
2013.09.06 08:34:53.213,1.1506,1.15093,1.50,1.69
2013.09.06 08:34:54.233,1.1506,1.15087,1.50,1.50
2013.09.06 08:34:54.773,1.1506,1.15078,1.13,1.50
2013.09.06 08:35:05.834,1.1506,1.15074,1.13,1.50
2013.09.06 08:35:06.745,1.1506,1.15077,1.13,2.25
2013.09.06 08:35:07.318,1.15059,1.15076,1.13,1.50
2013.09.06 08:35:07.602,1.1506,1.15077,1.13,1.50
2013.09.06 08:35:07.723,1.1506,1.15073,1.13,1.50
2013.09.06 08:35:11.556,1.1506,1.15083,1.13,2.25
2013.09.06 08:35:11.627,1.1506,1.15083,1.13,1.50
2013.09.06 08:35:12.158,1.1506,1.15083,1.13,2.25
2013.09.06 08:35:21.983,1.1506,1.15083,1.13,2.25
2013.09.06 08:35:27.821,1.1506,1.15079,1.13,1.50
2013.09.06 08:35:33.402,1.1506,1.15084,1.13,3.38
2013.09.06 08:35:33.463,1.1506,1.15084,1.13,2.63
2013.09.06 08:35:33.583,1.1506,1.1509,1.13,1.69
2013.09.06 08:35:34.972,1.1506,1.1509,1.13,2.44
2013.09.06 08:35:35.148,1.1506,1.1509,1.13,2.44
2013.09.06 08:35:45.424,1.1506,1.1509,1.13,2.44
2013.09.06 08:35:47.704,1.15056,1.15085,1.13,1.50
2013.09.06 08:35:48.130,1.15055,1.15088,2.07,1.69
2013.09.06 08:35:48.194,1.15055,1.15088,1.88,1.69
2013.09.06 08:35:54.065,1.15055,1.15086,1.88,1.69
2013.09.06 08:36:00.543,1.15056,1.15088,1.50,2.44
2013.09.06 08:36:06.513,1.15056,1.15088,1.50,2.44
2013.09.06 08:36:08.813,1.15057,1.15088,2.25,1.69
2013.09.06 08:36:10.423,1.15067,1.15089,1.13,1.32
2013.09.06 08:36:10.553,1.15061,1.15089,1.50,1.13
2013.09.06 08:36:10.854,1.15065,1.15092,1.50,2.44
2013.09.06 08:36:11.094,1.15066,1.15098,2.25,1.32
2013.09.06 08:36:13.223,1.15066,1.15097,1.50,1.69
2013.09.06 08:36:13.525,1.15066,1.15091,1.50,1.88
2013.09.06 08:36:13.643,1.15062,1.15091,1.69,1.13
2013.09.06 08:36:15.993,1.15067,1.15099,1.13,3.19
2013.09.06 08:36:16.055,1.15068,1.15101,1.50,1.69
2013.09.06 08:36:16.234,1.15072,1.15103,1.50,2.07
2013.09.06 08:36:16.663,1.15074,1.15102,1.13,1.69
2013.09.06 08:36:16.905,1.15074,1.15106,1.13,1.69
2013.09.06 08:36:17.024,1.15074,1.15105,1.13,2.44
2013.09.06 08:36:17.084,1.15068,1.15103,1.13,1.32
2013.09.06 08:36:18.933,1.1507,1.15103,1.50,2.07
2013.09.06 08:36:22.574,1.15068,1.15103,1.13,2.82
2013.09.06 08:36:24.652,1.1507,1.15103,1.50,2.07
2013.09.06 08:36:26.162,1.15068,1.15103,1.13,2.07
2013.09.06 08:36:26.282,1.15068,1.15103,1.13,2.07
2013.09.06 08:36:28.733,1.15068,1.15101,1.13,2.44
2013.09.06 08:36:29.093,1.15061,1.15096,1.50,1.69
2013.09.06 08:36:29.614,1.15065,1.15095,1.50,1.32
2013.09.06 08:36:30.584,1.15062,1.15095,2.25,1.32
2013.09.06 08:36:30.824,1.15062,1.15096,1.50,2.07
2013.09.06 08:36:31.004,1.15061,1.15096,1.13,1.32
2013.09.06 08:36:32.333,1.15062,1.15096,1.50,2.82
2013.09.06 08:36:38.053,1.15062,1.15094,1.50,1.69
2013.09.06 08:36:39.983,1.15059,1.1509,1.50,1.32
2013.09.06 08:36:41.653,1.15062,1.1509,1.13,1.13
2013.09.06 08:36:42.015,1.15071,1.15093,1.13,1.50
2013.09.06 08:36:42.313,1.15071,1.15102,1.13,1.69
2013.09.06 08:36:42.943,1.15066,1.15101,1.32,1.69
2013.09.06 08:36:43.003,1.15066,1.15101,1.13,2.44
2013.09.06 08:36:43.064,1.15064,1.15099,2.25,1.32
2013.09.06 08:36:44.123,1.15065,1.15097,1.50,1.32
2013.09.06 08:36:49.153,1.15068,1.15097,1.50,1.32
2013.09.06 08:36:49.513,1.15077,1.15102,1.13,2.25
2013.09.06 08:36:49.633,1.15077,1.15102,1.13,1.50
2013.09.06 08:36:50.433,1.15072,1.15101,1.13,2.25
2013.09.06 08:36:50.553,1.15069,1.15098,1.50,1.13
2013.09.06 08:36:51.109,1.15067,1.15098,1.50,1.32
2013.09.06 08:36:53.424,1.15064,1.15098,1.88,1.32
2013.09.06 08:36:53.983,1.15064,1.15097,1.88,1.32
2013.09.06 08:36:54.634,1.15067,1.15098,1.50,3.57
2013.09.06 08:36:59.213,1.15067,1.15098,1.50,1.32
2013.09.06 08:36:59.795,1.15071,1.15099,1.50,1.32
2013.09.06 08:37:01.804,1.15071,1.15099,1.50,1.32
2013.09.06 08:37:09.833,1.15071,1.15099,1.50,1.32
2013.09.06 08:37:14.173,1.15071,1.15099,1.50,1.32
2013.09.06 08:37:14.786,1.15066,1.15099,1.50,2.07
2013.09.06 08:37:17.234,1.15066,1.15099,1.50,2.07
2013.09.06 08:37:18.654,1.15066,1.15097,1.50,1.32
2013.09.06 08:37:18.833,1.15065,1.15094,2.25,1.50
2013.09.06 08:37:19.634,1.15065,1.15094,2.25,1.69
2013.09.06 08:37:26.254,1.15066,1.15093,1.69,1.50
2013.09.06 08:37:26.686,1.15072,1.15101,1.50,1.13
2013.09.06 08:37:26.745,1.15072,1.15102,1.50,1.32
2013.09.06 08:37:27.283,1.15072,1.15102,1.13,1.32
2013.09.06 08:37:27.343,1.15078,1.15102,1.05,2.07
2013.09.06 08:37:27.703,1.15079,1.15102,1.80,2.07
2013.09.06 08:37:28.204,1.15079,1.15102,1.80,2.07
2013.09.06 08:37:28.725,1.1508,1.15102,1.28,2.07
2013.09.06 08:37:29.118,1.1508,1.15102,1.28,2.07
2013.09.06 08:37:34.336,1.1508,1.15102,1.80,2.44
2013.09.06 08:37:34.466,1.1508,1.15102,1.80,2.44
2013.09.06 08:37:35.021,1.1508,1.15097,1.28,1.13
2013.09.06 08:37:35.674,1.1508,1.15097,1.28,1.13
2013.09.06 08:37:36.195,1.1508,1.15097,1.80,1.88
2013.09.06 08:37:37.587,1.1508,1.15097,1.80,1.88
2013.09.06 08:37:38.422,1.1508,1.15097,1.80,1.88
2013.09.06 08:37:38.954,1.15077,1.15097,2.67,1.13
2013.09.06 08:37:39.014,1.15072,1.15097,1.50,1.13
2013.09.06 08:37:40.963,1.1507,1.15098,1.50,1.13
2013.09.06 08:37:41.083,1.1507,1.15102,1.50,2.44
2013.09.06 08:37:41.733,1.15071,1.15098,1.50,1.13
2013.09.06 08:37:43.323,1.15071,1.15098,1.50,1.88
2013.09.06 08:37:44.864,1.15071,1.15098,1.50,1.88
2013.09.06 08:37:44.983,1.15071,1.15098,2.25,1.13
2013.09.06 08:37:45.624,1.15072,1.15101,3.00,1.50
2013.09.06 08:37:45.705,1.15082,1.15103,1.50,2.25
2013.09.06 08:37:46.019,1.15085,1.15103,1.13,2.25
2013.09.06 08:37:53.373,1.15082,1.15103,1.32,2.25
2013.09.06 08:37:55.214,1.15082,1.15103,1.32,1.50
2013.09.06 08:38:07.395,1.15085,1.15103,1.13,2.25
2013.09.06 08:38:33.713,1.15085,1.15114,1.32,1.50
2013.09.06 08:38:34.228,1.15091,1.15114,1.13,1.50
2013.09.06 08:38:34.703,1.15091,1.15114,1.13,1.50
2013.09.06 08:38:35.003,1.15086,1.15114,1.13,1.69
2013.09.06 08:38:35.183,1.15086,1.15113,1.13,1.32
2013.09.06 08:38:35.734,1.15086,1.1511,1.13,1.69
2013.09.06 08:38:38.026,1.15086,1.15114,1.13,1.50
2013.09.06 08:38:38.085,1.15086,1.15117,2.07,1.69
2013.09.06 08:38:38.154,1.15086,1.15119,2.07,3.57
2013.09.06 08:38:38.214,1.15092,1.15119,1.73,2.63
2013.09.06 08:38:38.453,1.15095,1.15125,1.35,1.32
2013.09.06 08:38:38.995,1.15101,1.15126,1.09,1.32
2013.09.06 08:38:39.625,1.1511,1.15126,1.09,1.32
2013.09.06 08:38:39.684,1.15111,1.15126,1.50,1.32
2013.09.06 08:38:40.484,1.15111,1.15126,1.84,1.32
2013.09.06 08:38:40.995,1.15111,1.15126,1.84,1.32
2013.09.06 08:38:42.465,1.15111,1.15126,1.84,1.32
2013.09.06 08:38:44.945,1.15111,1.15126,2.10,1.32
2013.09.06 08:38:45.451,1.15111,1.15126,1.71,1.32
2013.09.06 08:38:45.873,1.15111,1.15126,1.50,1.32
2013.09.06 08:38:46.184,1.15111,1.15126,1.71,1.32
2013.09.06 08:38:46.332,1.15111,1.15126,1.50,1.32
2013.09.06 08:38:48.164,1.15111,1.15126,1.71,1.32
2013.09.06 08:38:49.764,1.15111,1.15126,1.50,1.32
2013.09.06 08:38:49.886,1.15111,1.15126,1.81,1.32
2013.09.06 08:38:50.723,1.15111,1.15126,1.50,1.32
2013.09.06 08:38:53.775,1.15111,1.15126,1.81,1.32
2013.09.06 08:38:56.744,1.15111,1.15126,1.81,1.32
2013.09.06 08:38:58.813,1.15111,1.15126,1.81,1.32
2013.09.06 08:38:59.175,1.15111,1.15123,1.50,1.50
2013.09.06 08:38:59.235,1.15108,1.15123,1.50,1.50
2013.09.06 08:38:59.355,1.15094,1.15123,1.50,1.50
2013.09.06 08:38:59.843,1.15097,1.15124,1.50,1.50
2013.09.06 08:39:03.295,1.15099,1.15124,1.88,2.25
2013.09.06 08:39:03.653,1.15107,1.15123,1.50,1.50
2013.09.06 08:39:04.133,1.15104,1.15123,2.25,1.50
2013.09.06 08:39:04.253,1.15104,1.15123,1.50,1.50
2013.09.06 08:39:04.314,1.15104,1.15123,1.50,1.50
2013.09.06 08:39:04.854,1.151,1.15123,1.50,1.50
2013.09.06 08:39:06.453,1.151,1.15123,1.50,1.50
2013.09.06 08:39:16.350,1.151,1.15124,1.50,1.50
2013.09.06 08:39:16.533,1.151,1.15126,1.50,1.50
2013.09.06 08:39:17.034,1.151,1.15127,1.50,1.50
2013.09.06 08:39:17.556,1.151,1.15127,2.25,1.50
2013.09.06 08:39:17.663,1.15102,1.15127,1.50,1.50
2013.09.06 08:39:18.385,1.15102,1.15127,1.50,1.50
2013.09.06 08:39:19.189,1.15102,1.15127,1.50,1.50
2013.09.06 08:39:20.663,1.15102,1.15127,1.50,1.50
2013.09.06 08:39:21.504,1.15102,1.15127,1.50,1.50
2013.09.06 08:39:23.949,1.15102,1.15127,1.50,1.50
2013.09.06 08:39:24.466,1.15102,1.15127,1.50,1.50
2013.09.06 08:39:25.964,1.15102,1.15127,1.50,1.50
2013.09.06 08:39:30.525,1.15107,1.15133,1.50,1.69
2013.09.06 08:39:30.706,1.15107,1.15132,1.50,1.69
2013.09.06 08:39:32.540,1.15107,1.15133,1.50,1.69
2013.09.06 08:39:34.356,1.15107,1.15132,1.50,1.50
2013.09.06 08:39:34.414,1.15111,1.15132,1.50,1.50
2013.09.06 08:39:34.536,1.15111,1.15141,1.50,2.82
2013.09.06 08:39:34.905,1.15109,1.15141,1.69,1.13
2013.09.06 08:39:35.545,1.15111,1.15141,2.25,1.13
2013.09.06 08:39:36.000,1.15112,1.15141,1.50,1.13
2013.09.06 08:39:36.304,1.15113,1.15141,2.25,1.13
2013.09.06 08:39:36.883,1.15113,1.15141,2.25,1.88
2013.09.06 08:39:37.534,1.15113,1.15141,2.25,1.88
2013.09.06 08:39:38.753,1.15113,1.15141,2.25,1.13
2013.09.06 08:39:39.614,1.15113,1.15141,2.25,1.32
2013.09.06 08:39:41.308,1.15117,1.15141,1.50,1.32
2013.09.06 08:39:41.558,1.15117,1.15147,1.50,1.69
2013.09.06 08:39:42.483,1.15119,1.15147,1.50,1.69
2013.09.06 08:39:43.654,1.15119,1.15147,1.50,1.69
2013.09.06 08:39:44.492,1.15119,1.15147,1.50,1.69
2013.09.06 08:39:46.333,1.15119,1.15147,1.50,1.69
2013.09.06 08:39:49.504,1.15119,1.15146,1.50,1.69
2013.09.06 08:39:50.102,1.15119,1.15147,1.50,1.50
2013.09.06 08:39:51.053,1.15117,1.15147,1.50,1.50
2013.09.06 08:39:53.594,1.15117,1.15147,1.50,1.50
2013.09.06 08:39:55.753,1.15117,1.15146,1.50,1.50
2013.09.06 08:39:55.933,1.15116,1.15144,1.50,1.50
2013.09.06 08:40:02.415,1.15116,1.15148,1.69,1.32
2013.09.06 08:40:03.624,1.15116,1.15148,2.25,1.32
2013.09.06 08:40:03.747,1.15118,1.15148,1.50,1.32
2013.09.06 08:40:04.293,1.15121,1.1515,1.50,2.44
2013.09.06 08:40:06.396,1.15121,1.15149,1.50,2.44
2013.09.06 08:40:07.665,1.15121,1.15148,1.50,1.32
2013.09.06 08:40:07.966,1.15114,1.15141,1.13,1.69
2013.09.06 08:40:08.084,1.15116,1.15147,1.50,3.57
2013.09.06 08:40:08.385,1.1512,1.15146,1.13,1.69
2013.09.06 08:40:12.367,1.15121,1.15152,1.50,4.69
2013.09.06 08:40:12.436,1.15126,1.15152,1.50,3.94
2013.09.06 08:40:13.993,1.15127,1.15149,2.25,1.50
2013.09.06 08:40:18.415,1.15127,1.15151,2.25,2.44
2013.09.06 08:40:18.489,1.15127,1.15151,2.25,2.44
2013.09.06 08:40:20.499,1.15127,1.15152,2.25,1.69
2013.09.06 08:40:22.163,1.15127,1.15152,2.25,1.69
2013.09.06 08:40:24.194,1.15127,1.15148,2.25,2.25
2013.09.06 08:40:24.555,1.15127,1.15147,2.25,1.50
2013.09.06 08:40:25.106,1.15127,1.15147,1.50,1.13
2013.09.06 08:40:29.344,1.15127,1.1515,1.50,3.94
2013.09.06 08:40:29.524,1.15127,1.1515,1.50,2.44
2013.09.06 08:40:30.044,1.15127,1.15153,1.50,2.44
2013.09.06 08:40:30.564,1.15127,1.1515,1.50,1.69
2013.09.06 08:40:30.863,1.15127,1.15152,1.50,1.69
2013.09.06 08:40:31.418,1.15127,1.15154,1.50,1.32
2013.09.06 08:40:31.953,1.15127,1.15154,1.50,1.32
2013.09.06 08:40:40.845,1.15127,1.15154,1.50,1.32
2013.09.06 08:40:43.584,1.15127,1.15155,2.25,1.32
2013.09.06 08:40:45.343,1.15128,1.15149,1.50,1.13
2013.09.06 08:40:50.473,1.15128,1.1515,1.50,1.32
2013.09.06 08:40:54.031,1.15128,1.15151,1.50,1.32
2013.09.06 08:40:58.575,1.15128,1.15156,1.50,2.82
2013.09.06 08:41:00.635,1.15128,1.15155,1.50,1.32
2013.09.06 08:41:03.741,1.15128,1.15155,1.50,1.32
2013.09.06 08:41:04.264,1.15128,1.15156,1.50,1.32
2013.09.06 08:41:04.443,1.15128,1.15152,1.50,1.50
2013.09.06 08:41:04.504,1.15128,1.15152,1.50,2.07
2013.09.06 08:41:21.194,1.15128,1.15151,1.50,1.50
2013.09.06 08:41:21.734,1.15129,1.15152,1.13,1.13
2013.09.06 08:41:22.275,1.15131,1.15153,1.50,1.50
2013.09.06 08:41:22.954,1.15129,1.15153,1.13,1.50
2013.09.06 08:41:38.234,1.15131,1.15152,1.50,2.25
2013.09.06 08:41:38.596,1.15131,1.15153,1.50,1.50
2013.09.06 08:41:39.015,1.1513,1.15152,1.13,2.44
2013.09.06 08:41:39.695,1.15128,1.1515,1.50,1.32
2013.09.06 08:41:40.235,1.15128,1.15146,1.50,1.50
2013.09.06 08:41:41.343,1.15128,1.15146,1.50,1.50
2013.09.06 08:41:42.024,1.15128,1.15153,1.50,1.69
2013.09.06 08:41:43.043,1.15127,1.15154,1.50,2.44
2013.09.06 08:41:43.572,1.15126,1.15154,2.25,1.69
2013.09.06 08:41:47.956,1.15126,1.15154,2.25,2.07
2013.09.06 08:41:49.414,1.15127,1.15154,1.50,2.07
2013.09.06 08:42:03.283,1.15127,1.15153,2.25,1.32
2013.09.06 08:42:04.955,1.15127,1.15153,2.25,1.32
2013.09.06 08:42:06.364,1.15127,1.15154,2.25,2.07
2013.09.06 08:42:07.974,1.15127,1.15153,3.00,1.50
2013.09.06 08:42:10.645,1.15128,1.15153,1.50,1.50
2013.09.06 08:42:35.053,1.15127,1.15153,2.25,1.13
2013.09.06 08:42:39.154,1.15127,1.15153,3.00,1.88
2013.09.06 08:42:40.363,1.15127,1.15153,3.00,1.88
2013.09.06 08:42:53.343,1.15127,1.15153,3.00,1.50
2013.09.06 08:42:53.864,1.15127,1.15153,2.25,2.07
2013.09.06 08:42:53.924,1.15127,1.15153,2.25,1.69
2013.09.06 08:42:54.284,1.15127,1.15153,3.00,1.69
2013.09.06 08:42:54.344,1.15129,1.15153,1.50,1.50
2013.09.06 08:43:02.754,1.15131,1.15153,1.50,1.88
2013.09.06 08:43:03.423,1.15132,1.15153,1.50,1.88
2013.09.06 08:43:03.543,1.15132,1.15153,2.25,1.88
2013.09.06 08:43:04.244,1.1513,1.15153,1.50,1.88
2013.09.06 08:43:07.815,1.1513,1.15153,1.50,1.13
2013.09.06 08:43:11.924,1.15133,1.15153,1.50,1.13
2013.09.06 08:43:19.945,1.15142,1.15154,2.25,1.50
2013.09.06 08:43:20.523,1.15142,1.15154,2.25,1.50
2013.09.06 08:43:21.004,1.15136,1.15154,1.50,1.50
2013.09.06 08:43:21.934,1.15137,1.15154,1.50,1.50
2013.09.06 08:43:22.654,1.15142,1.15154,1.50,1.50
2013.09.06 08:43:25.364,1.15143,1.15154,1.50,1.50
2013.09.06 08:43:25.914,1.15144,1.15154,1.50,1.50
2013.09.06 08:43:30.884,1.15143,1.15154,1.50,1.50
2013.09.06 08:43:32.493,1.15143,1.15153,1.50,1.50
2013.09.06 08:43:33.117,1.15144,1.15153,1.50,1.50
2013.09.06 08:43:33.634,1.15143,1.15153,1.50,1.50
2013.09.06 08:43:34.134,1.15144,1.15153,2.25,1.50
2013.09.06 08:43:34.733,1.15144,1.15164,1.50,1.13
2013.09.06 08:43:36.044,1.15144,1.15169,1.50,1.69
2013.09.06 08:43:36.778,1.15143,1.15169,2.25,1.69
2013.09.06 08:43:39.739,1.15144,1.15169,1.50,1.69
2013.09.06 08:43:41.175,1.15143,1.15169,2.25,1.69
2013.09.06 08:43:42.205,1.15144,1.15169,1.50,1.32
2013.09.06 08:43:42.266,1.15144,1.15169,2.25,1.32
2013.09.06 08:43:42.814,1.15151,1.1517,1.13,1.16
2013.09.06 08:43:43.116,1.15151,1.15169,1.13,1.16
2013.09.06 08:43:43.176,1.15146,1.15169,1.13,1.16
2013.09.06 08:43:43.356,1.15148,1.1517,1.50,1.16
2013.09.06 08:43:43.834,1.1514,1.15169,1.13,2.85
2013.09.06 08:43:43.894,1.15136,1.15169,2.63,3.60
2013.09.06 08:43:44.796,1.15137,1.15169,1.50,2.10
2013.09.06 08:43:45.314,1.1514,1.15169,1.50,1.35
2013.09.06 08:43:46.024,1.1514,1.15169,1.50,1.35
2013.09.06 08:43:46.577,1.1514,1.15169,1.50,1.15
2013.09.06 08:43:46.944,1.15136,1.15165,1.13,1.15
2013.09.06 08:43:47.305,1.15135,1.15162,1.13,1.15
2013.09.06 08:43:47.666,1.15131,1.1516,1.50,1.32
2013.09.06 08:43:47.785,1.15131,1.15162,1.50,2.27
2013.09.06 08:43:58.826,1.15133,1.15164,1.13,1.15
2013.09.06 08:44:00.654,1.15133,1.15164,1.13,1.15
2013.09.06 08:44:02.739,1.15129,1.1516,1.50,1.32
2013.09.06 08:44:09.357,1.15128,1.1516,1.50,1.32
2013.09.06 08:44:12.924,1.15128,1.1516,1.50,1.32
2013.09.06 08:44:14.804,1.15127,1.1516,1.88,1.32
2013.09.06 08:44:19.892,1.15128,1.1516,1.50,2.07
2013.09.06 08:44:25.464,1.15128,1.15159,1.50,1.69
2013.09.06 08:44:26.884,1.15132,1.15161,1.50,1.52
2013.09.06 08:44:28.235,1.15132,1.15162,1.50,1.52
2013.09.06 08:44:30.097,1.15135,1.15164,1.50,1.52
2013.09.06 08:44:30.167,1.15135,1.15164,1.50,2.27
2013.09.06 08:44:30.284,1.15136,1.15164,1.13,1.90
2013.09.06 08:44:30.942,1.15136,1.1516,1.13,1.69
2013.09.06 08:44:31.674,1.15136,1.15159,1.13,1.50
2013.09.06 08:44:32.663,1.15136,1.15159,1.13,1.50
2013.09.06 08:44:33.164,1.15136,1.1516,1.13,1.69
2013.09.06 08:44:37.965,1.15136,1.15162,1.13,2.65
2013.09.06 08:44:40.054,1.15136,1.15161,1.13,1.15
2013.09.06 08:44:40.294,1.15131,1.1516,1.88,1.69
2013.09.06 08:44:40.353,1.15131,1.1516,1.88,1.69
2013.09.06 08:44:41.324,1.15132,1.15159,1.13,1.69
2013.09.06 08:44:41.684,1.15132,1.15161,1.13,1.69
2013.09.06 08:44:41.865,1.15139,1.15165,1.13,1.90
2013.09.06 08:44:42.095,1.15139,1.15167,1.13,1.90
2013.09.06 08:44:42.454,1.15141,1.15165,1.13,1.15
2013.09.06 08:44:42.515,1.15138,1.15165,1.13,1.15
2013.09.06 08:44:45.574,1.15138,1.15165,1.13,1.15
2013.09.06 08:44:46.105,1.15138,1.15165,1.13,1.15
2013.09.06 08:44:48.034,1.15138,1.15165,1.13,1.15
2013.09.06 08:44:49.714,1.15136,1.15165,1.13,1.15
2013.09.06 08:44:50.254,1.15136,1.15165,1.13,1.15
2013.09.06 08:44:50.674,1.15132,1.15162,1.88,1.52
2013.09.06 08:44:55.203,1.15132,1.15162,1.88,1.52
2013.09.06 08:44:56.648,1.15132,1.15162,1.88,1.52
2013.09.06 08:45:00.074,1.15132,1.1516,1.13,2.44
2013.09.06 08:45:00.134,1.15132,1.1516,1.13,3.19
2013.09.06 08:45:00.628,1.15128,1.15154,1.50,1.69
2013.09.06 08:45:00.754,1.15129,1.15158,1.13,1.69
2013.09.06 08:45:00.877,1.15132,1.1516,1.13,1.69
2013.09.06 08:45:01.414,1.15132,1.15161,1.88,1.15
2013.09.06 08:45:03.556,1.15132,1.15161,1.88,1.32
2013.09.06 08:45:06.904,1.15132,1.1516,1.88,3.19
2013.09.06 08:45:07.513,1.15132,1.1516,1.88,3.19
2013.09.06 08:45:11.423,1.15132,1.1516,1.88,3.19
2013.09.06 08:45:14.504,1.15132,1.1516,1.13,4.69
2013.09.06 08:45:14.865,1.15128,1.15155,1.50,1.32
2013.09.06 08:45:14.984,1.15128,1.15156,1.50,2.07
2013.09.06 08:45:16.304,1.15128,1.15157,1.50,3.57
2013.09.06 08:45:27.124,1.15128,1.15156,1.50,2.07
2013.09.06 08:45:37.983,1.15128,1.15157,1.50,3.57
2013.09.06 08:45:39.154,1.15128,1.15156,1.50,2.07
2013.09.06 08:45:40.384,1.15128,1.15156,1.50,2.07
2013.09.06 08:45:44.713,1.15127,1.15157,3.00,2.07
2013.09.06 08:45:45.825,1.15129,1.1516,2.25,2.07
2013.09.06 08:45:47.044,1.15129,1.1516,1.50,2.07
2013.09.06 08:45:47.447,1.15127,1.15152,3.00,1.88
2013.09.06 08:45:47.755,1.15129,1.15156,1.50,1.69
2013.09.06 08:45:47.994,1.15129,1.15156,2.25,1.32
2013.09.06 08:45:48.495,1.15134,1.1516,1.13,1.69
2013.09.06 08:45:48.614,1.15134,1.15158,1.13,1.69
2013.09.06 08:45:48.736,1.15129,1.1516,1.50,1.69
2013.09.06 08:45:49.332,1.15129,1.1516,1.50,1.69
2013.09.06 08:45:50.309,1.15129,1.15161,1.50,2.07
2013.09.06 08:45:50.437,1.15131,1.1516,1.50,1.69
2013.09.06 08:45:50.688,1.15132,1.1516,1.13,1.69
2013.09.06 08:45:50.815,1.15132,1.15161,1.13,2.65
2013.09.06 08:45:50.935,1.15132,1.15161,1.13,2.44
2013.09.06 08:45:51.174,1.15132,1.15159,1.13,1.69
2013.09.06 08:45:52.317,1.15132,1.15157,1.13,1.69
2013.09.06 08:45:56.084,1.15132,1.1516,1.13,3.94
2013.09.06 08:45:57.215,1.15132,1.1516,1.13,3.19
2013.09.06 08:45:58.927,1.15132,1.1516,1.13,3.19
2013.09.06 08:45:59.624,1.15132,1.1516,1.13,3.19
2013.09.06 08:46:00.607,1.15132,1.1516,1.13,2.44
2013.09.06 08:46:02.654,1.15132,1.1516,1.13,2.44
2013.09.06 08:46:06.334,1.15132,1.1516,1.13,2.44
2013.09.06 08:46:09.114,1.15132,1.1516,1.13,2.44
2013.09.06 08:46:10.386,1.15132,1.1516,1.13,2.44
2013.09.06 08:46:17.526,1.15132,1.1516,1.13,1.69
2013.09.06 08:46:19.206,1.15132,1.1516,1.13,1.69
2013.09.06 08:46:24.023,1.15132,1.1516,1.13,1.69
2013.09.06 08:46:25.634,1.15132,1.1516,1.13,1.69
2013.09.06 08:46:27.165,1.15132,1.15159,1.13,2.44
2013.09.06 08:46:27.224,1.15131,1.15157,1.13,2.44
2013.09.06 08:46:27.764,1.15128,1.15153,1.50,3.19
2013.09.06 08:46:31.110,1.15127,1.15153,2.25,3.94
2013.09.06 08:46:33.216,1.15127,1.15156,1.50,2.07
2013.09.06 08:46:33.275,1.15128,1.15156,1.13,2.07
2013.09.06 08:46:33.634,1.15128,1.15152,1.13,1.13
2013.09.06 08:46:37.684,1.15128,1.15156,1.13,2.07
2013.09.06 08:46:43.274,1.15128,1.15156,1.13,2.07
2013.09.06 08:46:45.823,1.15128,1.15156,1.13,1.13
2013.09.06 08:46:45.886,1.15128,1.15157,1.13,3.19
2013.09.06 08:46:46.424,1.15128,1.15157,1.13,3.19
2013.09.06 08:46:47.384,1.15128,1.15157,1.13,3.19
2013.09.06 08:46:47.945,1.15128,1.15157,1.13,3.19
2013.09.06 08:46:50.414,1.15128,1.15156,1.13,2.44
2013.09.06 08:46:50.474,1.15128,1.15156,1.13,2.44
2013.09.06 08:46:50.534,1.15127,1.15156,1.50,1.69
2013.09.06 08:46:51.352,1.15128,1.15156,1.13,1.69
2013.09.06 08:46:51.656,1.15134,1.15157,1.50,3.19
2013.09.06 08:46:51.715,1.15134,1.15157,1.50,2.44
2013.09.06 08:46:52.194,1.15134,1.15159,1.50,1.69
2013.09.06 08:46:52.374,1.15135,1.15157,1.50,1.50
2013.09.06 08:46:53.744,1.15135,1.15157,1.50,1.50
2013.09.06 08:46:53.864,1.15134,1.15158,1.50,2.44
2013.09.06 08:46:54.965,1.15135,1.15159,1.13,1.50
2013.09.06 08:46:57.704,1.15134,1.1516,1.13,1.50
2013.09.06 08:46:57.944,1.15134,1.15161,1.13,1.50
2013.09.06 08:46:59.154,1.15134,1.15161,1.50,1.50
2013.09.06 08:46:59.606,1.15138,1.15161,1.13,1.71
2013.09.06 08:47:01.765,1.15138,1.15162,1.13,2.46
2013.09.06 08:47:02.794,1.15137,1.15161,1.13,2.46
2013.09.06 08:47:02.974,1.15138,1.1516,1.13,2.25
2013.09.06 08:47:03.034,1.15138,1.15162,1.13,2.65
2013.09.06 08:47:04.964,1.15136,1.15161,3.00,1.71
2013.09.06 08:47:05.374,1.15145,1.15163,1.50,1.15
2013.09.06 08:47:11.224,1.15144,1.15161,1.13,1.50
2013.09.06 08:47:11.405,1.15144,1.15162,1.13,1.71
2013.09.06 08:47:11.644,1.15145,1.15163,1.13,2.46
2013.09.06 08:47:21.244,1.15142,1.15167,1.32,1.71
2013.09.06 08:47:21.304,1.15136,1.15167,2.07,1.71
2013.09.06 08:47:21.664,1.15136,1.15167,1.32,1.71
2013.09.06 08:47:25.124,1.15136,1.15167,1.32,1.71
2013.09.06 08:47:35.734,1.15136,1.15167,1.32,1.71
2013.09.06 08:47:36.855,1.15136,1.15167,1.69,1.71
2013.09.06 08:47:37.214,1.15139,1.15167,2.44,1.71
2013.09.06 08:47:37.404,1.15139,1.15167,2.44,1.71
2013.09.06 08:47:38.084,1.15136,1.15167,1.32,1.71
2013.09.06 08:47:45.445,1.15136,1.15167,2.07,1.71
2013.09.06 08:47:45.985,1.15138,1.15167,1.32,1.71
2013.09.06 08:47:48.215,1.15138,1.15167,1.32,1.71
2013.09.06 08:47:49.161,1.15138,1.15167,1.32,1.71
2013.09.06 08:47:50.394,1.15138,1.15167,1.32,1.71
2013.09.06 08:47:50.515,1.15136,1.15167,1.32,1.71
2013.09.06 08:47:54.594,1.15133,1.15166,2.07,3.58
2013.09.06 08:47:54.654,1.15133,1.15166,2.07,3.58
2013.09.06 08:47:58.684,1.15133,1.15164,1.32,1.71
2013.09.06 08:48:06.027,1.15131,1.15161,1.69,1.50
2013.09.06 08:48:06.215,1.15132,1.15162,2.07,1.33
2013.09.06 08:48:06.754,1.15139,1.15169,1.13,1.15
2013.09.06 08:48:07.824,1.15141,1.15169,1.13,1.35
2013.09.06 08:48:08.585,1.15142,1.15171,1.13,1.35
2013.09.06 08:48:11.185,1.15142,1.15171,1.13,1.35
2013.09.06 08:48:11.625,1.15145,1.15171,1.69,1.16
2013.09.06 08:48:12.104,1.15143,1.15169,1.69,1.16
2013.09.06 08:48:12.225,1.15143,1.15173,2.44,1.16
2013.09.06 08:48:12.726,1.15145,1.15173,2.07,1.16
2013.09.06 08:48:15.795,1.15142,1.1517,2.63,1.16
2013.09.06 08:48:16.416,1.15141,1.1517,1.32,1.16
2013.09.06 08:48:17.998,1.15138,1.15169,1.32,1.71
2013.09.06 08:48:18.603,1.15138,1.15169,1.32,1.71
2013.09.06 08:48:21.664,1.15142,1.15169,1.32,1.16
2013.09.06 08:48:21.724,1.15141,1.15169,2.07,1.91
2013.09.06 08:48:21.784,1.15141,1.15169,2.07,1.91
2013.09.06 08:48:22.482,1.15139,1.15169,1.32,1.91
2013.09.06 08:48:26.253,1.15139,1.15169,1.32,1.91
2013.09.06 08:48:26.774,1.15139,1.15169,1.32,1.91
2013.09.06 08:48:30.607,1.15139,1.15169,1.32,1.91
2013.09.06 08:48:31.567,1.15141,1.15169,1.32,1.16
2013.09.06 08:48:32.344,1.15141,1.15169,1.32,1.16
2013.09.06 08:48:33.335,1.15141,1.15167,1.13,1.71
2013.09.06 08:48:35.246,1.15141,1.15166,1.13,1.71
2013.09.06 08:48:35.787,1.15141,1.15166,1.13,2.46
2013.09.06 08:48:36.533,1.15145,1.15169,1.13,1.16
2013.09.06 08:48:39.694,1.15145,1.15169,1.13,1.16
2013.09.06 08:48:40.244,1.15145,1.15173,1.13,1.16
2013.09.06 08:48:40.734,1.15141,1.15169,1.13,1.16
2013.09.06 08:48:40.975,1.15142,1.1517,1.69,1.16
2013.09.06 08:48:41.214,1.15142,1.1517,1.69,1.16
2013.09.06 08:48:41.574,1.15137,1.15166,1.13,1.71
2013.09.06 08:48:41.694,1.15141,1.15166,1.13,1.71
2013.09.06 08:48:41.997,1.15134,1.15163,1.32,1.71
2013.09.06 08:48:42.474,1.15134,1.15163,1.32,1.71
2013.09.06 08:48:43.144,1.15134,1.15164,1.32,1.71
2013.09.06 08:48:43.704,1.15134,1.15163,1.32,1.71
2013.09.06 08:48:44.409,1.15135,1.15163,1.32,1.71
2013.09.06 08:48:44.474,1.15142,1.15166,1.13,1.71
2013.09.06 08:48:45.015,1.15137,1.15168,1.32,1.71
2013.09.06 08:48:46.014,1.15137,1.15168,1.32,1.71
2013.09.06 08:48:47.455,1.15137,1.15168,1.32,1.71
2013.09.06 08:48:49.498,1.15137,1.15168,1.32,1.71
2013.09.06 08:48:53.684,1.15142,1.15169,1.13,1.16
2013.09.06 08:48:54.104,1.15137,1.15166,2.07,1.71
2013.09.06 08:48:54.757,1.15137,1.15166,1.32,1.71
2013.09.06 08:48:55.525,1.15137,1.15166,1.32,1.71
2013.09.06 08:48:56.044,1.15139,1.15167,1.13,1.15
2013.09.06 08:48:56.662,1.15139,1.15167,1.13,1.15
2013.09.06 08:48:57.205,1.15139,1.15167,1.13,1.15
2013.09.06 08:48:58.713,1.15139,1.15167,1.13,1.15
2013.09.06 08:48:59.534,1.15139,1.15169,1.13,1.15
2013.09.06 08:49:01.537,1.15139,1.15169,1.13,1.15
2013.09.06 08:49:05.134,1.15139,1.15166,1.13,1.15
2013.09.06 08:49:06.875,1.15139,1.1517,1.32,1.35
2013.09.06 08:49:06.995,1.15139,1.1517,1.13,1.16
2013.09.06 08:49:07.055,1.15142,1.1517,1.13,1.16
2013.09.06 08:49:07.830,1.15137,1.15168,2.82,1.71
2013.09.06 08:49:08.495,1.15137,1.15168,2.07,1.71
2013.09.06 08:49:09.106,1.15137,1.15168,2.07,1.71
2013.09.06 08:49:11.614,1.15142,1.15168,1.13,1.71
2013.09.06 08:49:11.795,1.15139,1.15167,1.13,1.71
2013.09.06 08:49:11.975,1.15137,1.15166,1.32,1.71
2013.09.06 08:49:12.034,1.15137,1.15166,1.32,1.71
2013.09.06 08:49:12.695,1.15142,1.15168,1.13,1.15
2013.09.06 08:49:13.235,1.15142,1.15168,1.13,1.15
2013.09.06 08:49:14.895,1.15142,1.15168,1.13,1.15
2013.09.06 08:49:17.704,1.15146,1.15169,1.13,1.91
2013.09.06 08:49:18.244,1.15146,1.15174,1.13,1.35
2013.09.06 08:49:19.595,1.15146,1.1517,1.13,1.16
2013.09.06 08:49:19.896,1.15147,1.1517,1.13,1.16
2013.09.06 08:49:20.837,1.15147,1.1517,1.13,1.16
2013.09.06 08:49:24.830,1.15147,1.1517,1.13,1.16
2013.09.06 08:49:25.354,1.15147,1.1517,1.13,1.16
2013.09.06 08:49:27.085,1.15141,1.15168,1.32,1.16
2013.09.06 08:49:27.205,1.15141,1.15168,1.13,1.16
2013.09.06 08:49:27.444,1.15144,1.15169,1.13,3.41
2013.09.06 08:49:27.952,1.15144,1.15169,1.13,3.41
2013.09.06 08:49:28.555,1.15144,1.15168,1.13,1.16
2013.09.06 08:49:29.636,1.15137,1.15165,1.50,1.71
2013.09.06 08:49:30.865,1.15137,1.15165,1.69,1.71
2013.09.06 08:49:33.808,1.15137,1.15165,1.50,1.71
2013.09.06 08:49:33.936,1.15144,1.15169,1.13,1.16
2013.09.06 08:49:34.474,1.15151,1.15169,1.13,1.16
2013.09.06 08:49:35.205,1.15142,1.15168,1.50,1.71
2013.09.06 08:49:35.787,1.15142,1.15168,1.69,1.71
2013.09.06 08:49:37.263,1.15142,1.15168,1.69,1.71
2013.09.06 08:49:37.892,1.15142,1.15168,1.69,1.71
2013.09.06 08:49:41.395,1.15142,1.15168,1.69,1.71
2013.09.06 08:49:43.424,1.15142,1.15168,1.50,1.71
2013.09.06 08:49:43.965,1.15151,1.15169,1.13,1.16
2013.09.06 08:49:44.465,1.15151,1.15169,1.50,1.16
2013.09.06 08:49:45.255,1.15157,1.15169,1.13,1.16
