2016.06.08 19:00:00.106,1.06527,1.06557,1.69,1.00
2016.06.08 19:00:00.158,1.06527,1.06554,1.69,1.00
2016.06.08 19:00:00.470,1.06542,1.06564,1.19,1.00
2016.06.08 19:00:00.572,1.06542,1.06568,1.19,1.00
2016.06.08 19:00:00.625,1.06542,1.06566,1.00,1.00
2016.06.08 19:00:00.677,1.06542,1.06564,1.00,1.00
2016.06.08 19:00:00.980,1.06538,1.0656,1.50,1.00
2016.06.08 19:00:01.450,1.06536,1.06559,1.75,1.19
2016.06.08 19:00:01.688,1.06536,1.06559,1.00,1.19
2016.06.08 19:00:02.243,1.06538,1.06559,1.00,1.19
2016.06.08 19:00:02.547,1.06534,1.06559,1.00,1.19
2016.06.08 19:00:02.648,1.06541,1.06559,1.75,1.19
2016.06.08 19:00:02.699,1.06541,1.06563,2.25,1.19
2016.06.08 19:00:02.750,1.06549,1.06563,1.00,1.19
2016.06.08 19:00:03.078,1.06549,1.06563,1.75,1.19
2016.06.08 19:00:03.230,1.06549,1.06573,1.75,1.19
2016.06.08 19:00:03.331,1.06556,1.06571,1.05,1.25
2016.06.08 19:00:03.836,1.06555,1.06573,1.37,1.19
2016.06.08 19:00:03.886,1.06555,1.06573,1.00,1.19
2016.06.08 19:00:04.640,1.06546,1.06573,1.75,1.19
2016.06.08 19:00:04.977,1.06544,1.06571,1.00,1.00
2016.06.08 19:00:05.028,1.06544,1.06569,1.00,1.00
2016.06.08 19:00:05.078,1.06544,1.06571,1.00,1.00
2016.06.08 19:00:05.180,1.06544,1.06567,1.00,1.00
2016.06.08 19:00:05.332,1.06541,1.06567,2.25,1.00
2016.06.08 19:00:05.433,1.06541,1.06572,1.50,2.44
2016.06.08 19:00:06.109,1.06541,1.06569,1.50,1.00
2016.06.08 19:00:06.160,1.06538,1.06567,1.00,1.00
2016.06.08 19:00:06.262,1.06543,1.06567,1.00,1.00
2016.06.08 19:00:06.465,1.06541,1.06567,1.50,1.00
2016.06.08 19:00:06.516,1.06543,1.06567,1.00,1.00
2016.06.08 19:00:06.870,1.06545,1.06572,1.00,3.00
2016.06.08 19:00:07.142,1.06547,1.06572,1.00,1.50
2016.06.08 19:00:07.193,1.06547,1.06574,1.00,1.00
2016.06.08 19:00:07.345,1.06546,1.06574,1.00,1.69
2016.06.08 19:00:07.447,1.06544,1.06574,2.25,1.69
2016.06.08 19:00:07.549,1.06544,1.06568,1.00,1.00
2016.06.08 19:00:07.650,1.06544,1.06574,1.00,1.19
2016.06.08 19:00:11.144,1.06543,1.06573,1.12,1.69
2016.06.08 19:00:11.566,1.06541,1.06573,2.25,2.44
2016.06.08 19:00:11.718,1.06541,1.06566,1.50,1.19
2016.06.08 19:00:12.063,1.06539,1.06566,1.50,1.19
2016.06.08 19:00:13.053,1.06541,1.06566,1.00,1.19
2016.06.08 19:00:13.554,1.06542,1.06566,1.00,1.19
2016.06.08 19:00:14.056,1.06543,1.06566,1.00,1.19
2016.06.08 19:00:16.402,1.06543,1.06571,1.00,1.19
2016.06.08 19:00:16.454,1.06545,1.06571,1.00,1.19
2016.06.08 19:00:16.873,1.06547,1.06571,1.00,1.19
2016.06.08 19:00:18.378,1.06545,1.06571,1.50,1.19
2016.06.08 19:00:20.177,1.06545,1.06567,1.50,1.19
2016.06.08 19:00:20.723,1.06545,1.06567,1.50,1.19
2016.06.08 19:00:22.148,1.06544,1.06567,1.50,1.19
2016.06.08 19:00:25.044,1.06544,1.06564,1.00,1.00
2016.06.08 19:00:25.856,1.06544,1.06567,1.00,1.19
2016.06.08 19:00:26.787,1.06544,1.06563,1.00,1.00
2016.06.08 19:00:26.838,1.06544,1.06566,1.00,1.19
2016.06.08 19:00:27.215,1.06544,1.06572,1.50,1.69
2016.06.08 19:00:28.019,1.06546,1.06572,1.00,1.69
2016.06.08 19:00:28.478,1.06549,1.06572,1.00,1.19
2016.06.08 19:00:30.109,1.06546,1.06572,1.12,1.19
2016.06.08 19:00:36.456,1.06547,1.06572,1.00,1.19
2016.06.08 19:00:36.962,1.06546,1.06572,1.12,1.69
2016.06.08 19:00:40.312,1.06544,1.06572,1.00,1.69
2016.06.08 19:00:43.111,1.06545,1.06572,1.00,1.69
2016.06.08 19:00:43.416,1.0655,1.06572,1.00,1.19
2016.06.08 19:00:44.861,1.06548,1.06572,1.00,1.19
2016.06.08 19:00:45.411,1.06549,1.06572,1.00,1.19
2016.06.08 19:00:45.617,1.06551,1.06572,1.00,1.19
2016.06.08 19:00:45.719,1.0655,1.06574,1.50,1.69
2016.06.08 19:00:46.174,1.06554,1.06575,1.00,1.00
2016.06.08 19:00:46.275,1.06554,1.06578,1.00,1.00
2016.06.08 19:00:46.560,1.06551,1.06575,1.00,1.00
2016.06.08 19:00:46.712,1.06551,1.06578,1.00,1.50
2016.06.08 19:00:46.813,1.0655,1.06577,1.50,1.19
2016.06.08 19:00:47.717,1.06554,1.06582,1.75,1.50
2016.06.08 19:00:47.970,1.06553,1.06576,1.50,1.19
2016.06.08 19:00:48.021,1.06553,1.06573,1.00,1.19
2016.06.08 19:00:49.164,1.0655,1.06573,1.00,1.19
2016.06.08 19:00:49.669,1.0655,1.06575,1.00,1.00
2016.06.08 19:00:49.720,1.06553,1.06577,1.87,1.00
2016.06.08 19:00:49.771,1.06556,1.0658,1.87,1.00
2016.06.08 19:00:49.822,1.06559,1.06575,1.00,1.19
2016.06.08 19:00:49.924,1.06559,1.06583,1.00,1.19
2016.06.08 19:00:51.030,1.06556,1.06583,1.00,1.69
2016.06.08 19:00:51.232,1.06559,1.06587,1.50,2.06
2016.06.08 19:00:51.334,1.06563,1.06587,1.00,1.69
2016.06.08 19:00:52.026,1.06562,1.06587,1.00,1.19
2016.06.08 19:00:53.869,1.06565,1.06588,1.00,1.19
2016.06.08 19:00:53.952,1.06563,1.06588,1.00,1.19
2016.06.08 19:00:54.054,1.06565,1.06588,1.00,1.19
2016.06.08 19:00:54.155,1.06563,1.06588,1.00,1.19
2016.06.08 19:00:54.256,1.06561,1.06588,1.50,1.19
2016.06.08 19:00:55.180,1.06562,1.06587,1.00,1.19
2016.06.08 19:00:55.458,1.06565,1.06583,1.00,1.00
2016.06.08 19:00:55.610,1.06565,1.06588,1.00,1.19
2016.06.08 19:00:59.787,1.06564,1.06588,1.00,1.19
2016.06.08 19:01:00.270,1.06559,1.06587,1.00,1.94
2016.06.08 19:01:00.371,1.0656,1.06587,1.00,1.19
2016.06.08 19:01:00.573,1.0656,1.06584,1.00,1.00
2016.06.08 19:01:00.725,1.06558,1.06584,1.00,1.00
2016.06.08 19:01:01.441,1.06558,1.06585,1.00,1.87
2016.06.08 19:01:02.949,1.06558,1.06581,1.00,1.19
2016.06.08 19:01:06.103,1.06556,1.06581,1.00,1.19
2016.06.08 19:01:19.673,1.06553,1.06581,1.00,1.19
2016.06.08 19:01:20.575,1.06553,1.06582,1.00,1.69
2016.06.08 19:01:22.386,1.06553,1.06579,1.00,1.00
2016.06.08 19:01:22.487,1.06553,1.06582,1.00,1.69
2016.06.08 19:01:23.154,1.06554,1.06582,1.00,1.25
2016.06.08 19:01:23.492,1.06556,1.06582,1.00,1.25
2016.06.08 19:01:25.097,1.06556,1.06582,1.00,1.69
2016.06.08 19:01:25.401,1.06554,1.06579,1.00,1.00
2016.06.08 19:01:27.551,1.06554,1.06582,1.00,3.00
2016.06.08 19:01:27.602,1.06554,1.06582,1.00,2.25
2016.06.08 19:01:27.703,1.06554,1.06582,1.00,1.00
2016.06.08 19:01:27.804,1.06556,1.06583,1.00,1.00
2016.06.08 19:01:29.886,1.06556,1.06583,1.37,1.00
2016.06.08 19:01:33.609,1.06559,1.06583,1.00,1.00
2016.06.08 19:01:34.265,1.06559,1.06584,1.00,1.00
2016.06.08 19:01:36.681,1.06559,1.06586,1.00,1.00
2016.06.08 19:01:36.732,1.06562,1.06586,1.00,1.50
2016.06.08 19:01:37.136,1.06562,1.06591,1.00,1.69
2016.06.08 19:01:38.361,1.06564,1.06591,1.00,1.69
2016.06.08 19:01:40.104,1.06562,1.06591,1.50,1.69
2016.06.08 19:01:41.740,1.06562,1.0659,1.00,1.00
2016.06.08 19:01:42.295,1.0656,1.0659,1.00,1.50
2016.06.08 19:01:45.115,1.0656,1.06589,1.00,1.19
2016.06.08 19:01:50.811,1.06559,1.06587,1.00,1.00
2016.06.08 19:01:51.976,1.06559,1.06587,1.00,1.19
2016.06.08 19:01:53.035,1.06559,1.06587,1.00,1.00
2016.06.08 19:02:05.489,1.06559,1.06586,1.00,1.00
2016.06.08 19:02:12.765,1.06559,1.06585,1.00,1.00
2016.06.08 19:02:24.063,1.06559,1.06588,1.00,1.69
2016.06.08 19:02:32.563,1.06559,1.06588,1.00,2.44
2016.06.08 19:02:35.369,1.06559,1.06587,1.37,1.19
2016.06.08 19:02:45.052,1.06558,1.06587,1.12,1.19
2016.06.08 19:02:45.103,1.06558,1.06587,1.75,1.19
2016.06.08 19:02:46.495,1.06559,1.06587,2.25,1.25
2016.06.08 19:02:47.298,1.06559,1.06588,1.00,1.31
2016.06.08 19:02:47.551,1.06559,1.06585,1.00,1.00
2016.06.08 19:02:48.123,1.06557,1.06586,1.50,1.00
2016.06.08 19:02:48.899,1.06559,1.06586,1.00,1.00
2016.06.08 19:02:49.501,1.06559,1.06587,1.00,1.25
2016.06.08 19:02:50.004,1.06559,1.06588,1.00,2.06
2016.06.08 19:03:00.710,1.06559,1.06588,1.50,1.69
2016.06.08 19:03:01.564,1.06559,1.06588,1.50,1.19
2016.06.08 19:03:14.571,1.06559,1.06587,1.75,1.00
2016.06.08 19:03:25.002,1.06558,1.06585,1.00,1.00
2016.06.08 19:03:25.053,1.06554,1.06579,1.37,1.00
2016.06.08 19:03:25.105,1.06554,1.06582,1.50,1.19
2016.06.08 19:03:25.156,1.06556,1.06585,1.00,1.69
2016.06.08 19:03:30.015,1.06558,1.06586,1.00,1.69
2016.06.08 19:03:34.965,1.06559,1.06586,1.00,1.19
2016.06.08 19:03:35.277,1.06561,1.06586,1.00,1.19
2016.06.08 19:03:36.825,1.06561,1.06586,1.37,1.19
2016.06.08 19:03:46.159,1.06565,1.06586,1.37,1.00
2016.06.08 19:03:46.261,1.06565,1.0659,1.75,1.50
2016.06.08 19:03:46.363,1.06564,1.06584,1.37,1.19
2016.06.08 19:03:46.414,1.06564,1.06584,1.00,1.19
2016.06.08 19:03:46.767,1.0656,1.06584,1.12,1.19
2016.06.08 19:03:48.315,1.06558,1.06584,1.50,1.19
2016.06.08 19:03:48.366,1.06554,1.06573,1.50,1.19
2016.06.08 19:03:48.417,1.06552,1.06573,1.00,1.19
2016.06.08 19:03:48.468,1.06552,1.0658,1.00,1.69
2016.06.08 19:03:49.007,1.06553,1.06581,1.00,2.44
2016.06.08 19:03:53.752,1.06554,1.06581,1.00,1.94
2016.06.08 19:03:55.159,1.06557,1.06581,1.00,1.94
2016.06.08 19:03:55.664,1.06556,1.06581,1.00,1.19
2016.06.08 19:03:56.285,1.06564,1.06581,1.00,1.19
2016.06.08 19:03:56.492,1.06564,1.06587,1.75,1.00
2016.06.08 19:03:59.123,1.06566,1.0659,1.00,1.69
2016.06.08 19:03:59.174,1.06568,1.0659,1.00,1.69
2016.06.08 19:03:59.478,1.06571,1.0659,1.00,1.69
2016.06.08 19:04:01.199,1.06575,1.0659,1.00,1.00
2016.06.08 19:04:01.603,1.06577,1.0659,1.00,1.00
2016.06.08 19:04:02.073,1.06577,1.06599,1.00,1.50
2016.06.08 19:04:02.174,1.06573,1.06599,1.00,1.00
2016.06.08 19:04:02.326,1.06572,1.06598,1.00,1.19
2016.06.08 19:04:02.629,1.06572,1.06593,1.00,1.19
2016.06.08 19:04:03.556,1.06572,1.06597,1.00,1.19
2016.06.08 19:04:03.758,1.06572,1.06592,1.00,1.19
2016.06.08 19:04:07.145,1.06569,1.06592,1.50,1.19
2016.06.08 19:04:10.724,1.0657,1.06592,1.00,1.19
2016.06.08 19:04:11.232,1.06569,1.06592,1.00,1.19
2016.06.08 19:04:12.184,1.06571,1.06592,1.00,1.19
2016.06.08 19:04:18.293,1.0657,1.06592,1.00,1.19
2016.06.08 19:04:19.059,1.0657,1.06593,1.00,1.19
2016.06.08 19:04:19.161,1.0657,1.06597,1.00,1.19
2016.06.08 19:04:23.696,1.06569,1.06596,1.00,1.19
2016.06.08 19:04:25.623,1.06569,1.06591,1.00,1.00
2016.06.08 19:04:25.724,1.0656,1.06587,1.19,1.50
2016.06.08 19:04:25.776,1.0656,1.06587,1.00,1.25
2016.06.08 19:04:26.549,1.06558,1.06586,1.00,2.25
2016.06.08 19:04:26.604,1.06558,1.06583,1.00,1.00
2016.06.08 19:04:27.171,1.06558,1.06583,1.00,1.50
2016.06.08 19:04:29.634,1.06559,1.06586,1.50,1.00
2016.06.08 19:04:30.378,1.06559,1.06588,1.50,1.69
2016.06.08 19:04:32.146,1.06559,1.06586,1.50,1.00
2016.06.08 19:04:40.990,1.06559,1.06583,1.00,1.19
2016.06.08 19:04:41.571,1.06558,1.06583,1.00,1.19
2016.06.08 19:04:46.113,1.06557,1.06583,1.00,1.19
2016.06.08 19:04:51.711,1.06562,1.06583,1.00,1.19
2016.06.08 19:04:51.762,1.06558,1.06586,1.00,1.19
2016.06.08 19:04:51.813,1.06557,1.06583,1.00,1.00
2016.06.08 19:04:52.347,1.06558,1.06585,1.00,1.19
2016.06.08 19:04:57.724,1.0656,1.06585,1.00,1.19
2016.06.08 19:04:59.651,1.06559,1.06585,1.00,1.19
2016.06.08 19:05:00.235,1.06558,1.06585,1.00,2.44
2016.06.08 19:05:00.539,1.06558,1.06579,1.00,1.31
2016.06.08 19:05:01.221,1.06558,1.06583,1.50,2.00
2016.06.08 19:05:01.322,1.06558,1.06585,1.00,1.69
2016.06.08 19:05:01.839,1.06556,1.06585,1.00,1.69
2016.06.08 19:05:02.498,1.06558,1.06585,1.00,1.94
2016.06.08 19:05:03.229,1.06556,1.06584,1.00,2.44
2016.06.08 19:05:13.382,1.06557,1.06585,1.00,1.94
2016.06.08 19:05:14.058,1.06556,1.06583,1.00,1.69
2016.06.08 19:05:21.180,1.06556,1.06583,1.00,1.25
2016.06.08 19:05:23.835,1.0656,1.06584,1.00,1.31
2016.06.08 19:05:26.497,1.06558,1.06585,1.00,1.19
2016.06.08 19:05:27.347,1.06561,1.06585,1.00,1.19
2016.06.08 19:05:27.912,1.0657,1.06596,1.50,1.19
2016.06.08 19:05:27.964,1.0657,1.06591,1.00,1.19
2016.06.08 19:05:28.341,1.06569,1.06587,1.00,1.19
2016.06.08 19:05:28.392,1.06566,1.06587,1.00,1.19
2016.06.08 19:05:28.493,1.06564,1.06587,1.00,1.19
2016.06.08 19:05:29.149,1.06563,1.06587,1.00,1.56
2016.06.08 19:05:30.483,1.06561,1.06587,1.50,2.44
2016.06.08 19:05:30.857,1.06563,1.06587,1.00,1.56
2016.06.08 19:05:31.261,1.06563,1.0659,1.50,1.19
2016.06.08 19:05:33.750,1.06563,1.06591,1.50,1.87
2016.06.08 19:05:34.365,1.06564,1.06591,1.00,1.12
2016.06.08 19:05:39.432,1.06566,1.06594,1.00,3.94
2016.06.08 19:05:44.345,1.06563,1.06592,1.50,1.50
2016.06.08 19:05:44.617,1.06566,1.06592,1.00,1.00
2016.06.08 19:05:44.924,1.06568,1.06594,1.00,1.19
2016.06.08 19:05:49.715,1.0657,1.06594,1.00,1.19
2016.06.08 19:06:05.577,1.06569,1.06594,1.00,1.19
2016.06.08 19:06:16.534,1.06569,1.06595,1.00,1.19
2016.06.08 19:06:18.770,1.06568,1.06595,1.00,1.19
2016.06.08 19:06:19.290,1.06568,1.06593,1.00,1.37
2016.06.08 19:06:23.509,1.06565,1.06594,1.50,3.19
2016.06.08 19:06:32.725,1.06565,1.06593,1.50,1.12
2016.06.08 19:06:33.384,1.06565,1.06594,1.50,1.69
2016.06.08 19:06:34.573,1.06565,1.06594,1.50,2.44
2016.06.08 19:06:35.713,1.06565,1.06593,1.50,1.62
2016.06.08 19:06:40.685,1.06566,1.06593,1.00,1.69
2016.06.08 19:06:49.671,1.06566,1.06594,1.50,1.19
2016.06.08 19:06:53.446,1.06568,1.06594,1.00,1.69
2016.06.08 19:06:59.749,1.06567,1.06594,1.00,1.69
2016.06.08 19:07:04.513,1.06567,1.06594,1.00,1.25
2016.06.08 19:07:12.075,1.06568,1.06594,1.00,1.25
2016.06.08 19:07:13.275,1.06568,1.06593,1.00,1.00
2016.06.08 19:07:22.509,1.06568,1.06591,1.00,1.00
2016.06.08 19:07:22.610,1.06564,1.06591,1.50,1.75
2016.06.08 19:07:23.251,1.06563,1.06588,1.00,1.12
2016.06.08 19:07:23.771,1.06563,1.06587,1.00,1.00
2016.06.08 19:07:27.207,1.06563,1.06586,1.00,1.00
2016.06.08 19:07:27.997,1.06561,1.06586,1.00,1.00
2016.06.08 19:07:36.932,1.06561,1.06588,1.00,1.12
2016.06.08 19:07:42.279,1.06561,1.06587,1.00,1.00
2016.06.08 19:07:42.867,1.06561,1.06586,1.00,1.00
2016.06.08 19:07:50.284,1.0656,1.06586,1.50,1.00
2016.06.08 19:07:51.884,1.0656,1.06588,1.50,2.44
2016.06.08 19:07:55.467,1.06558,1.06586,1.00,1.50
2016.06.08 19:08:01.879,1.06558,1.06588,1.00,1.00
2016.06.08 19:08:04.884,1.06558,1.06589,1.00,2.44
2016.06.08 19:08:05.566,1.06559,1.06589,1.00,1.69
2016.06.08 19:08:10.826,1.06559,1.06588,1.00,1.00
2016.06.08 19:08:10.978,1.06562,1.06589,1.00,1.69
2016.06.08 19:08:16.562,1.06562,1.06589,1.00,1.69
2016.06.08 19:08:19.532,1.06562,1.06589,1.00,1.69
2016.06.08 19:08:21.338,1.06562,1.06589,1.00,1.62
2016.06.08 19:08:21.840,1.06563,1.06591,1.00,2.44
2016.06.08 19:08:21.891,1.06563,1.06591,1.00,1.50
2016.06.08 19:08:22.442,1.06563,1.0659,1.00,1.00
2016.06.08 19:08:24.346,1.06563,1.06591,1.00,1.50
2016.06.08 19:08:24.896,1.06563,1.06592,1.00,1.00
2016.06.08 19:08:25.431,1.06563,1.06593,1.00,1.00
2016.06.08 19:08:26.952,1.06563,1.0659,1.00,1.00
2016.06.08 19:08:27.255,1.06562,1.0659,1.00,2.44
2016.06.08 19:08:28.026,1.0656,1.06589,1.00,1.69
2016.06.08 19:08:37.826,1.06559,1.06587,1.00,1.12
2016.06.08 19:08:41.182,1.06559,1.06586,1.00,1.00
2016.06.08 19:08:41.283,1.06559,1.06584,1.00,1.00
2016.06.08 19:08:42.085,1.06558,1.06584,1.00,1.00
2016.06.08 19:08:42.136,1.06556,1.06584,1.00,1.00
2016.06.08 19:08:42.825,1.06556,1.06585,1.00,1.00
2016.06.08 19:08:44.709,1.06556,1.06585,1.00,1.50
2016.06.08 19:09:01.592,1.06556,1.06582,1.50,1.00
2016.06.08 19:09:14.135,1.06556,1.06581,1.00,1.00
2016.06.08 19:09:14.185,1.06553,1.06581,1.00,1.00
2016.06.08 19:09:14.337,1.06553,1.06581,1.00,1.75
2016.06.08 19:09:14.742,1.06554,1.0658,1.00,1.00
2016.06.08 19:09:15.014,1.06554,1.06583,1.00,2.06
2016.06.08 19:09:15.065,1.06554,1.0658,1.00,1.00
2016.06.08 19:09:18.578,1.06554,1.06583,1.00,2.06
2016.06.08 19:09:22.464,1.06554,1.0658,1.00,1.00
2016.06.08 19:09:22.768,1.06558,1.06583,1.00,1.62
2016.06.08 19:09:34.731,1.06558,1.06583,1.00,1.00
2016.06.08 19:09:37.676,1.06559,1.06583,1.19,1.00
2016.06.08 19:09:41.129,1.0656,1.06588,1.19,1.50
2016.06.08 19:09:55.571,1.06561,1.06588,1.19,1.00
2016.06.08 19:10:00.192,1.06565,1.06588,1.19,1.00
2016.06.08 19:10:00.293,1.06565,1.06593,1.19,1.00
2016.06.08 19:10:00.344,1.06565,1.06591,1.19,1.00
2016.06.08 19:10:00.660,1.06566,1.06593,1.25,1.50
2016.06.08 19:10:01.294,1.06566,1.06594,1.25,1.00
2016.06.08 19:10:01.764,1.06569,1.06594,1.00,1.00
2016.06.08 19:10:02.603,1.06569,1.06593,1.00,1.00
2016.06.08 19:10:02.734,1.06569,1.06596,1.69,1.00
2016.06.08 19:10:03.854,1.06569,1.06597,1.69,1.50
2016.06.08 19:10:05.339,1.06569,1.06596,1.69,1.00
2016.06.08 19:10:10.384,1.06571,1.06595,1.25,1.00
2016.06.08 19:10:17.425,1.0657,1.06596,1.19,1.00
2016.06.08 19:10:20.058,1.0657,1.06594,1.19,1.00
2016.06.08 19:10:20.955,1.0657,1.06593,1.19,1.00
2016.06.08 19:10:21.662,1.0657,1.06597,1.19,1.87
2016.06.08 19:10:23.557,1.0657,1.06595,1.19,1.00
2016.06.08 19:10:25.271,1.0657,1.06593,1.19,1.00
2016.06.08 19:10:26.358,1.0657,1.06595,1.19,1.00
2016.06.08 19:10:28.577,1.0657,1.06596,1.19,1.87
2016.06.08 19:10:33.391,1.0657,1.06595,1.19,1.00
2016.06.08 19:10:34.507,1.0657,1.06595,1.25,1.00
2016.06.08 19:10:39.304,1.0657,1.06597,1.25,1.12
2016.06.08 19:10:39.355,1.06569,1.06594,1.19,1.00
2016.06.08 19:10:39.457,1.06569,1.06597,1.19,1.12
2016.06.08 19:10:39.558,1.06572,1.06597,1.00,1.12
2016.06.08 19:10:40.064,1.06572,1.06598,1.00,1.50
2016.06.08 19:10:40.613,1.06572,1.06599,1.00,1.00
2016.06.08 19:10:41.505,1.06572,1.066,1.00,1.50
2016.06.08 19:10:42.043,1.06572,1.06599,1.00,1.00
2016.06.08 19:10:54.654,1.06571,1.06599,1.00,1.00
2016.06.08 19:11:00.246,1.06571,1.06598,1.00,1.00
2016.06.08 19:11:00.597,1.06571,1.06596,1.00,1.00
2016.06.08 19:11:07.409,1.06571,1.06597,1.25,1.50
2016.06.08 19:11:07.988,1.06571,1.06596,1.25,1.00
2016.06.08 19:11:08.515,1.06571,1.06597,1.25,2.25
2016.06.08 19:11:11.498,1.06571,1.06599,1.25,2.25
2016.06.08 19:11:12.209,1.06571,1.06598,1.25,1.00
2016.06.08 19:11:12.756,1.06571,1.06599,1.25,1.50
2016.06.08 19:11:19.924,1.06571,1.06596,1.00,1.00
2016.06.08 19:11:23.964,1.06573,1.06596,1.00,1.00
2016.06.08 19:11:24.543,1.06573,1.06594,1.00,1.00
2016.06.08 19:11:25.655,1.06573,1.06597,1.00,1.00
2016.06.08 19:11:28.163,1.06573,1.06597,1.00,1.37
2016.06.08 19:11:28.871,1.06573,1.06597,1.00,1.00
2016.06.08 19:11:29.719,1.06571,1.06597,1.00,1.00
2016.06.08 19:11:37.848,1.06571,1.06595,1.25,1.00
2016.06.08 19:11:38.151,1.06568,1.06593,1.00,1.00
2016.06.08 19:11:39.640,1.06568,1.06595,1.00,1.57
2016.06.08 19:11:39.691,1.06564,1.06595,1.25,1.57
2016.06.08 19:11:39.944,1.06564,1.06591,1.69,1.00
2016.06.08 19:11:40.326,1.06564,1.06588,1.25,1.00
2016.06.08 19:11:40.848,1.06563,1.06586,1.19,1.00
2016.06.08 19:11:41.529,1.06563,1.0659,1.19,2.25
2016.06.08 19:11:41.580,1.06563,1.06587,1.19,1.00
2016.06.08 19:11:45.270,1.06563,1.06589,1.19,1.12
2016.06.08 19:11:56.498,1.06562,1.0659,1.19,3.00
2016.06.08 19:12:01.546,1.06563,1.06589,1.19,1.00
2016.06.08 19:12:02.371,1.0656,1.06589,1.50,1.00
2016.06.08 19:12:14.693,1.0656,1.0659,1.00,2.25
2016.06.08 19:12:15.398,1.06561,1.0659,1.00,2.25
2016.06.08 19:12:20.269,1.0656,1.0659,1.50,2.25
2016.06.08 19:12:31.366,1.0656,1.0659,1.50,1.37
2016.06.08 19:12:31.934,1.0656,1.0659,1.50,1.00
2016.06.08 19:12:32.894,1.0656,1.06588,1.50,1.00
2016.06.08 19:12:35.107,1.0656,1.0659,1.50,1.50
2016.06.08 19:12:40.774,1.06559,1.06592,1.00,1.50
2016.06.08 19:12:41.382,1.06559,1.06591,1.00,1.00
2016.06.08 19:12:46.002,1.06559,1.0659,1.00,1.00
2016.06.08 19:12:48.394,1.06559,1.06588,1.00,1.00
2016.06.08 19:12:48.596,1.06559,1.06591,1.00,1.50
2016.06.08 19:13:03.911,1.06559,1.06587,1.00,1.00
2016.06.08 19:13:04.950,1.0656,1.06587,1.00,1.50
2016.06.08 19:13:07.307,1.0656,1.06586,1.00,1.00
2016.06.08 19:13:09.777,1.0656,1.06587,1.00,1.00
2016.06.08 19:13:11.794,1.0656,1.06587,1.00,1.37
2016.06.08 19:13:12.148,1.0656,1.06587,1.00,1.00
2016.06.08 19:13:15.395,1.06558,1.06587,1.00,1.00
2016.06.08 19:13:16.717,1.06558,1.06586,1.00,1.00
2016.06.08 19:13:17.222,1.06558,1.06587,1.00,1.00
2016.06.08 19:13:17.818,1.06557,1.06587,1.00,1.00
2016.06.08 19:13:20.276,1.0656,1.06587,1.00,1.00
2016.06.08 19:13:25.839,1.06559,1.06587,1.00,1.00
2016.06.08 19:13:36.302,1.0656,1.06587,1.00,1.00
2016.06.08 19:13:39.917,1.06557,1.06587,1.50,1.00
2016.06.08 19:13:50.392,1.06556,1.06587,2.62,1.12
2016.06.08 19:13:53.470,1.06556,1.06587,2.62,1.87
2016.06.08 19:13:53.974,1.06558,1.06587,1.12,1.87
2016.06.08 19:13:55.907,1.06561,1.06587,1.00,1.87
2016.06.08 19:13:56.059,1.06563,1.06591,1.00,1.00
2016.06.08 19:13:56.771,1.06563,1.06591,1.00,1.87
2016.06.08 19:13:58.490,1.06563,1.06589,1.00,1.00
2016.06.08 19:14:02.217,1.06558,1.06588,1.00,1.00
2016.06.08 19:14:02.268,1.06558,1.0659,1.00,1.12
2016.06.08 19:14:02.470,1.06558,1.06588,1.00,1.00
2016.06.08 19:14:02.795,1.06556,1.06586,1.00,1.00
2016.06.08 19:14:15.899,1.06556,1.06585,1.00,1.00
2016.06.08 19:14:16.568,1.06556,1.06586,1.50,1.00
2016.06.08 19:14:18.329,1.06557,1.06586,1.00,1.00
2016.06.08 19:14:18.633,1.06562,1.0659,1.50,1.00
2016.06.08 19:14:19.062,1.06565,1.0659,1.00,1.87
2016.06.08 19:14:19.113,1.06565,1.06592,1.00,1.00
2016.06.08 19:14:19.426,1.06565,1.06589,1.00,1.00
2016.06.08 19:14:19.812,1.06565,1.06592,1.00,1.00
2016.06.08 19:14:20.014,1.06565,1.06587,1.00,1.00
2016.06.08 19:14:22.397,1.06565,1.06586,1.00,1.00
2016.06.08 19:14:23.593,1.06565,1.06589,1.00,1.00
2016.06.08 19:14:23.900,1.06565,1.06587,1.00,1.00
2016.06.08 19:14:24.001,1.06565,1.06591,1.00,1.00
2016.06.08 19:14:24.305,1.06567,1.06592,1.00,1.50
2016.06.08 19:14:24.608,1.06565,1.06591,1.00,1.00
2016.06.08 19:14:36.420,1.06565,1.06587,1.00,1.00
2016.06.08 19:14:36.622,1.06565,1.06589,1.00,1.00
2016.06.08 19:14:37.109,1.06565,1.06587,1.00,1.00
2016.06.08 19:14:39.410,1.06565,1.0659,1.00,1.00
2016.06.08 19:14:40.411,1.06565,1.06588,1.00,1.00
2016.06.08 19:14:41.312,1.06565,1.06589,1.00,1.00
2016.06.08 19:14:45.318,1.06565,1.06587,1.00,1.00
2016.06.08 19:14:46.418,1.06565,1.06593,1.00,3.00
2016.06.08 19:14:46.621,1.06561,1.06592,1.00,1.00
2016.06.08 19:14:46.672,1.06561,1.0659,1.00,1.00
2016.06.08 19:14:47.825,1.06561,1.06589,1.00,1.00
2016.06.08 19:14:48.428,1.06561,1.0659,1.00,1.00
2016.06.08 19:14:50.029,1.06561,1.06589,1.00,1.50
2016.06.08 19:14:50.907,1.06561,1.06587,1.00,1.00
2016.06.08 19:14:53.895,1.06562,1.06587,1.00,1.00
2016.06.08 19:14:53.946,1.06562,1.0659,1.00,1.50
2016.06.08 19:14:54.098,1.06563,1.0659,1.19,1.50
2016.06.08 19:14:55.430,1.06563,1.06589,1.19,1.00
2016.06.08 19:14:58.141,1.06563,1.0659,1.19,2.25
2016.06.08 19:15:00.149,1.06563,1.06589,1.19,1.00
2016.06.08 19:15:00.981,1.06563,1.06582,1.19,1.00
2016.06.08 19:15:01.032,1.06559,1.06582,1.19,1.00
2016.06.08 19:15:01.085,1.06559,1.06586,1.19,1.00
2016.06.08 19:15:01.237,1.06556,1.06586,1.31,1.00
2016.06.08 19:15:01.439,1.06556,1.06582,2.06,1.00
2016.06.08 19:15:02.006,1.06558,1.06586,1.19,2.25
2016.06.08 19:15:02.058,1.06558,1.06586,1.19,1.00
2016.06.08 19:15:02.408,1.06556,1.06587,1.37,1.00
2016.06.08 19:15:02.459,1.06557,1.06587,1.19,1.75
2016.06.08 19:15:02.813,1.06573,1.06589,1.19,1.75
2016.06.08 19:15:02.864,1.06573,1.06589,1.19,1.00
2016.06.08 19:15:02.915,1.06564,1.06589,1.69,1.00
2016.06.08 19:15:03.218,1.06569,1.06589,1.19,1.00
2016.06.08 19:15:03.319,1.06565,1.06589,1.19,1.00
2016.06.08 19:15:08.483,1.06565,1.0659,1.19,1.00
2016.06.08 19:15:10.024,1.06559,1.06588,1.69,1.00
2016.06.08 19:15:10.177,1.06556,1.06585,2.44,1.00
2016.06.08 19:15:10.278,1.06556,1.06588,2.44,1.50
2016.06.08 19:15:10.581,1.06556,1.06586,1.69,1.00
2016.06.08 19:15:16.515,1.06556,1.06584,1.19,1.00
2016.06.08 19:15:21.063,1.06555,1.06584,1.00,1.25
2016.06.08 19:15:38.549,1.06555,1.06585,1.00,1.69
2016.06.08 19:16:01.523,1.06555,1.06584,1.00,1.25
2016.06.08 19:16:02.904,1.06557,1.06584,1.00,1.25
2016.06.08 19:16:04.017,1.06557,1.06583,1.00,1.00
2016.06.08 19:16:04.068,1.06555,1.06583,1.00,1.00
2016.06.08 19:16:04.169,1.06555,1.06583,1.00,1.75
2016.06.08 19:16:17.003,1.06555,1.0658,1.00,1.00
2016.06.08 19:16:19.554,1.06555,1.06581,1.00,1.12
2016.06.08 19:16:24.133,1.06555,1.06582,1.00,1.12
2016.06.08 19:16:25.068,1.06553,1.06582,1.25,1.12
2016.06.08 19:16:28.340,1.06553,1.06581,1.25,1.00
2016.06.08 19:16:28.721,1.06553,1.06579,1.25,1.00
2016.06.08 19:16:28.775,1.06553,1.06581,1.25,1.00
2016.06.08 19:16:33.249,1.06553,1.06583,1.25,2.44
2016.06.08 19:16:33.351,1.06555,1.06583,1.00,1.69
2016.06.08 19:16:34.214,1.06555,1.06581,1.00,1.00
2016.06.08 19:16:34.370,1.06551,1.06581,1.19,1.00
2016.06.08 19:16:34.920,1.06551,1.06583,1.19,2.44
2016.06.08 19:16:38.078,1.06551,1.06583,1.31,2.06
2016.06.08 19:16:38.584,1.06551,1.06582,2.44,1.00
2016.06.08 19:16:46.533,1.06551,1.06582,1.31,1.00
2016.06.08 19:16:48.194,1.06551,1.06581,1.31,1.00
2016.06.08 19:16:49.528,1.06551,1.06581,1.31,1.00
2016.06.08 19:16:51.564,1.06551,1.0658,2.06,1.12
2016.06.08 19:16:51.615,1.06551,1.0658,1.19,1.50
2016.06.08 19:17:01.492,1.06551,1.06581,1.19,1.75
2016.06.08 19:17:04.764,1.06551,1.06581,1.19,1.75
2016.06.08 19:17:08.171,1.06551,1.06581,1.19,1.00
2016.06.08 19:17:08.222,1.06551,1.06583,1.69,1.31
2016.06.08 19:17:08.677,1.06551,1.06581,1.69,1.00
2016.06.08 19:17:09.320,1.06551,1.06582,1.69,1.00
2016.06.08 19:17:11.191,1.06551,1.06581,1.69,1.00
2016.06.08 19:17:16.562,1.06551,1.06581,1.19,1.00
2016.06.08 19:17:18.929,1.06551,1.06582,1.19,1.50
2016.06.08 19:17:19.554,1.06551,1.06582,1.19,1.50
2016.06.08 19:17:20.254,1.06551,1.06582,1.19,1.50
2016.06.08 19:17:24.756,1.06551,1.06582,1.19,1.87
2016.06.08 19:17:35.153,1.0655,1.06581,1.31,1.31
2016.06.08 19:17:35.495,1.06547,1.06573,1.19,1.00
2016.06.08 19:17:36.147,1.06548,1.06575,1.19,1.00
2016.06.08 19:17:36.299,1.06549,1.06575,1.31,1.00
2016.06.08 19:17:36.400,1.0655,1.06578,1.19,1.37
2016.06.08 19:17:37.063,1.0655,1.06578,1.19,1.00
2016.06.08 19:17:40.593,1.06551,1.0658,1.19,1.00
2016.06.08 19:17:44.906,1.0655,1.06579,1.19,1.00
2016.06.08 19:17:45.419,1.0655,1.0658,1.19,1.00
2016.06.08 19:17:46.608,1.0655,1.06579,1.19,1.00
2016.06.08 19:17:52.266,1.06555,1.06579,1.00,1.00
2016.06.08 19:17:52.520,1.06555,1.06581,1.00,1.12
2016.06.08 19:17:55.318,1.06551,1.06581,1.19,1.00
2016.06.08 19:17:55.404,1.06554,1.06581,1.00,1.00
2016.06.08 19:18:04.568,1.06554,1.06579,1.00,1.00
2016.06.08 19:18:07.226,1.06554,1.06578,1.00,1.00
2016.06.08 19:18:07.731,1.06554,1.06579,1.00,1.12
2016.06.08 19:18:08.458,1.0655,1.06579,1.69,1.12
2016.06.08 19:18:13.992,1.06554,1.06579,1.19,1.12
2016.06.08 19:18:14.396,1.06554,1.06581,1.19,2.25
2016.06.08 19:18:15.448,1.06554,1.06579,1.19,1.00
2016.06.08 19:18:17.814,1.06554,1.06581,1.19,1.00
2016.06.08 19:18:18.408,1.06554,1.0658,1.19,1.00
2016.06.08 19:18:18.949,1.06554,1.06581,1.19,1.00
2016.06.08 19:18:20.366,1.06554,1.06578,1.19,1.00
2016.06.08 19:18:25.652,1.06554,1.06579,1.19,1.00
2016.06.08 19:18:25.988,1.06554,1.06581,1.19,1.50
2016.06.08 19:18:27.079,1.06554,1.06579,1.19,1.00
2016.06.08 19:18:34.758,1.06554,1.06579,1.19,1.50
2016.06.08 19:18:46.541,1.06555,1.06582,1.19,2.25
2016.06.08 19:18:49.574,1.06554,1.06582,1.19,2.25
2016.06.08 19:18:54.800,1.06554,1.06581,1.19,1.12
2016.06.08 19:19:04.471,1.06555,1.06581,1.19,1.12
2016.06.08 19:19:13.050,1.06555,1.06579,1.19,1.00
2016.06.08 19:19:13.101,1.06551,1.06578,1.25,1.00
2016.06.08 19:19:13.254,1.06551,1.06578,1.25,3.00
2016.06.08 19:19:22.822,1.0655,1.06578,1.19,1.87
2016.06.08 19:19:22.874,1.0655,1.06578,1.19,1.00
2016.06.08 19:19:26.290,1.0655,1.06579,1.19,1.87
2016.06.08 19:19:29.439,1.0655,1.06578,1.19,1.00
2016.06.08 19:19:29.949,1.0655,1.06579,1.19,1.12
2016.06.08 19:19:34.500,1.06551,1.06579,1.19,1.12
2016.06.08 19:19:39.194,1.06551,1.06579,1.19,1.75
2016.06.08 19:19:48.027,1.06551,1.06579,1.19,1.50
2016.06.08 19:19:49.570,1.0655,1.06579,1.19,1.50
2016.06.08 19:19:58.405,1.0655,1.06578,1.19,1.00
2016.06.08 19:19:58.457,1.0655,1.06578,1.69,1.75
2016.06.08 19:20:04.543,1.06551,1.06578,1.19,2.25
2016.06.08 19:20:08.809,1.06551,1.06578,1.19,1.00
2016.06.08 19:20:09.054,1.06551,1.06576,1.19,1.00
2016.06.08 19:20:10.856,1.06551,1.06578,1.19,1.50
2016.06.08 19:20:12.023,1.06551,1.06575,1.19,1.00
2016.06.08 19:20:12.175,1.06541,1.06569,1.37,1.00
2016.06.08 19:20:12.226,1.06541,1.0657,1.00,2.25
2016.06.08 19:20:13.841,1.06541,1.06566,1.25,1.37
2016.06.08 19:20:14.146,1.06545,1.06564,1.19,1.00
2016.06.08 19:20:14.298,1.06545,1.06567,1.19,1.00
2016.06.08 19:20:15.462,1.06545,1.0657,1.19,2.25
2016.06.08 19:20:15.564,1.06545,1.0657,1.19,2.25
2016.06.08 19:20:15.766,1.06541,1.0657,1.25,3.00
2016.06.08 19:20:32.674,1.0654,1.06568,1.19,1.37
2016.06.08 19:20:32.775,1.0654,1.06569,1.19,1.00
2016.06.08 19:20:33.469,1.06541,1.06569,1.19,1.00
2016.06.08 19:20:35.236,1.06541,1.06568,1.19,1.00
2016.06.08 19:20:36.133,1.06541,1.06569,1.19,1.00
2016.06.08 19:20:46.795,1.0654,1.06569,1.19,1.00
2016.06.08 19:21:11.570,1.06541,1.06571,1.25,1.50
2016.06.08 19:21:11.773,1.06547,1.06571,1.19,1.12
2016.06.08 19:21:11.824,1.06547,1.06574,1.19,1.00
2016.06.08 19:21:12.593,1.06546,1.06575,1.25,1.87
2016.06.08 19:21:12.746,1.06547,1.06574,1.19,1.00
2016.06.08 19:21:13.049,1.06547,1.0657,1.19,1.00
2016.06.08 19:21:13.632,1.06544,1.0657,1.19,1.00
2016.06.08 19:21:20.986,1.06544,1.06567,1.19,1.37
2016.06.08 19:21:21.037,1.0654,1.06564,1.19,1.00
2016.06.08 19:21:21.239,1.06544,1.06567,1.19,1.00
2016.06.08 19:21:27.472,1.06544,1.06568,1.19,1.10
2016.06.08 19:21:50.858,1.06544,1.06569,1.19,1.00
2016.06.08 19:22:01.578,1.06543,1.06569,1.19,1.00
2016.06.08 19:22:04.568,1.06544,1.06569,1.19,1.00
2016.06.08 19:22:08.241,1.06544,1.06565,1.19,1.37
2016.06.08 19:22:08.696,1.06544,1.06565,1.19,1.00
2016.06.08 19:22:16.538,1.06543,1.06565,1.19,1.00
2016.06.08 19:22:19.508,1.06544,1.06565,1.19,1.00
2016.06.08 19:22:28.617,1.06544,1.06568,1.19,1.00
2016.06.08 19:22:29.118,1.06544,1.06567,1.19,1.00
2016.06.08 19:22:34.959,1.06544,1.06568,1.19,1.00
2016.06.08 19:22:38.751,1.06544,1.06568,1.19,1.37
2016.06.08 19:22:39.182,1.06544,1.06565,1.19,1.37
2016.06.08 19:22:39.689,1.06544,1.06565,1.19,1.00
2016.06.08 19:22:43.047,1.06544,1.06567,1.19,2.25
2016.06.08 19:22:43.149,1.06544,1.06569,1.19,1.00
2016.06.08 19:22:46.582,1.06543,1.06569,1.19,1.00
2016.06.08 19:22:49.577,1.06544,1.06569,1.19,1.00
2016.06.08 19:22:53.183,1.06545,1.06571,1.25,1.50
2016.06.08 19:22:59.400,1.06546,1.06571,1.00,1.00
2016.06.08 19:22:59.879,1.06546,1.06572,1.00,1.75
2016.06.08 19:23:12.406,1.06548,1.06572,1.00,2.25
2016.06.08 19:23:12.659,1.06551,1.06577,1.00,1.50
2016.06.08 19:23:12.760,1.06551,1.06575,1.00,1.00
2016.06.08 19:23:13.491,1.06551,1.06574,1.00,1.00
2016.06.08 19:23:14.495,1.06551,1.06576,1.00,1.50
2016.06.08 19:23:15.152,1.06551,1.06573,1.00,1.00
2016.06.08 19:23:17.180,1.06551,1.06572,1.00,1.00
2016.06.08 19:23:18.013,1.06549,1.06572,1.25,1.00
2016.06.08 19:23:23.510,1.06549,1.06574,1.25,1.50
2016.06.08 19:23:26.096,1.06549,1.06572,1.25,1.00
2016.06.08 19:23:27.783,1.06549,1.06573,1.25,1.00
2016.06.08 19:23:34.100,1.06549,1.06572,1.00,1.00
2016.06.08 19:23:43.229,1.06549,1.06573,1.25,1.00
2016.06.08 19:23:46.931,1.0655,1.06573,1.00,1.50
2016.06.08 19:23:50.088,1.0655,1.06573,1.00,1.50
2016.06.08 19:23:50.626,1.06549,1.06572,1.19,1.75
2016.06.08 19:24:05.971,1.06553,1.06574,1.19,1.75
2016.06.08 19:24:06.123,1.06553,1.06576,1.19,1.87
2016.06.08 19:24:07.423,1.06553,1.06574,1.19,1.00
2016.06.08 19:24:07.947,1.06553,1.06573,1.19,1.00
2016.06.08 19:24:15.653,1.06553,1.06575,1.19,1.12
2016.06.08 19:24:17.508,1.06553,1.06577,1.19,1.00
2016.06.08 19:24:18.020,1.06553,1.06576,1.19,1.00
2016.06.08 19:24:18.171,1.06558,1.06576,1.19,1.00
2016.06.08 19:24:18.222,1.06558,1.06579,1.19,1.50
2016.06.08 19:24:19.178,1.06558,1.0658,1.19,1.00
2016.06.08 19:24:20.122,1.06558,1.06578,1.19,1.00
2016.06.08 19:24:20.425,1.06558,1.06574,1.19,1.37
2016.06.08 19:24:21.224,1.06558,1.06576,1.19,1.00
2016.06.08 19:24:23.129,1.06558,1.06578,1.19,1.00
2016.06.08 19:24:23.230,1.06556,1.06579,1.00,2.25
2016.06.08 19:24:23.332,1.06558,1.06579,1.00,1.50
2016.06.08 19:24:25.029,1.06558,1.06583,1.00,1.87
2016.06.08 19:24:25.535,1.06558,1.06582,1.00,1.00
2016.06.08 19:24:27.227,1.06558,1.06585,1.00,3.00
2016.06.08 19:24:27.681,1.06561,1.06585,1.00,2.25
2016.06.08 19:24:33.542,1.0656,1.06585,1.25,2.25
2016.06.08 19:24:44.542,1.06559,1.06585,1.19,1.50
2016.06.08 19:24:49.440,1.06555,1.06583,1.19,1.50
2016.06.08 19:24:49.542,1.06554,1.06583,1.19,1.57
2016.06.08 19:24:49.976,1.06559,1.06583,1.19,1.57
2016.06.08 19:24:50.310,1.06559,1.06583,1.19,3.07
2016.06.08 19:24:50.615,1.06563,1.06578,1.19,1.00
2016.06.08 19:24:50.817,1.06563,1.06581,1.19,1.12
2016.06.08 19:24:51.364,1.06563,1.06582,1.19,1.00
2016.06.08 19:24:51.765,1.06563,1.06585,1.19,1.00
2016.06.08 19:24:52.290,1.06563,1.06584,1.19,1.00
2016.06.08 19:24:56.445,1.06563,1.06583,1.19,1.00
2016.06.08 19:24:58.965,1.06563,1.06582,1.19,1.00
2016.06.08 19:25:00.784,1.06558,1.06582,1.00,1.00
2016.06.08 19:25:01.341,1.06555,1.06584,1.00,1.10
2016.06.08 19:25:01.592,1.06555,1.06578,1.00,1.00
2016.06.08 19:25:02.392,1.06557,1.06578,1.00,1.00
2016.06.08 19:25:02.494,1.06557,1.06582,1.00,1.19
2016.06.08 19:25:02.545,1.06557,1.06583,1.00,1.00
2016.06.08 19:25:05.399,1.06557,1.06582,1.00,1.00
2016.06.08 19:25:06.854,1.06557,1.06581,1.00,1.00
2016.06.08 19:25:08.956,1.06557,1.06582,1.00,1.00
2016.06.08 19:25:17.873,1.0656,1.06583,1.00,1.00
2016.06.08 19:25:18.025,1.06558,1.06584,1.00,1.12
2016.06.08 19:25:18.640,1.06558,1.06582,1.00,1.00
2016.06.08 19:25:18.802,1.06558,1.06584,1.00,1.12
2016.06.08 19:25:19.393,1.06558,1.06582,1.00,1.00
2016.06.08 19:25:23.600,1.06558,1.06581,1.00,1.00
2016.06.08 19:25:23.651,1.06553,1.06581,1.50,1.00
2016.06.08 19:25:23.752,1.06556,1.06581,1.00,1.50
2016.06.08 19:25:23.807,1.06552,1.0658,1.12,1.00
2016.06.08 19:25:24.110,1.06552,1.06578,1.00,1.19
2016.06.08 19:25:35.089,1.06556,1.06578,1.00,1.19
2016.06.08 19:25:42.574,1.06556,1.06579,1.00,1.19
2016.06.08 19:25:43.015,1.06552,1.06576,1.12,1.19
2016.06.08 19:25:43.268,1.06554,1.06576,1.00,1.19
2016.06.08 19:25:44.821,1.06557,1.06576,1.00,1.19
2016.06.08 19:25:44.872,1.06557,1.06578,1.00,1.19
2016.06.08 19:26:02.509,1.06557,1.06579,1.00,1.19
2016.06.08 19:26:16.564,1.06557,1.06578,1.00,1.19
2016.06.08 19:26:26.953,1.06557,1.06582,1.00,1.50
2016.06.08 19:26:45.022,1.06556,1.06582,1.00,1.25
2016.06.08 19:26:48.829,1.06555,1.06584,1.50,1.19
2016.06.08 19:26:48.930,1.06556,1.06585,1.00,1.00
2016.06.08 19:26:49.031,1.06556,1.06588,1.00,2.32
2016.06.08 19:26:49.381,1.06564,1.06588,1.00,1.57
2016.06.08 19:26:49.684,1.06558,1.06586,1.00,1.00
2016.06.08 19:26:49.735,1.06558,1.06583,1.00,1.00
2016.06.08 19:26:50.038,1.06563,1.06587,1.00,1.00
2016.06.08 19:26:50.669,1.06566,1.06587,1.00,1.00
2016.06.08 19:26:50.770,1.06566,1.06589,1.00,1.25
2016.06.08 19:26:51.338,1.06566,1.06586,1.00,1.00
2016.06.08 19:26:51.389,1.06564,1.06586,1.00,1.00
2016.06.08 19:26:51.441,1.06561,1.06581,1.69,1.00
2016.06.08 19:26:51.492,1.0656,1.06581,1.00,1.00
2016.06.08 19:26:52.320,1.06559,1.06581,1.00,1.00
2016.06.08 19:26:56.773,1.06559,1.06579,1.00,1.00
2016.06.08 19:27:01.283,1.06559,1.06582,1.00,1.00
2016.06.08 19:27:03.328,1.06559,1.06582,2.25,1.00
2016.06.08 19:27:03.379,1.06559,1.06585,2.25,1.00
2016.06.08 19:27:03.430,1.06562,1.06585,1.50,1.00
2016.06.08 19:27:03.733,1.06565,1.06585,1.00,1.00
2016.06.08 19:27:04.118,1.06565,1.06587,1.00,1.00
2016.06.08 19:27:04.648,1.06565,1.06588,1.50,1.00
2016.06.08 19:27:05.187,1.06565,1.06587,1.00,1.00
2016.06.08 19:27:06.357,1.06567,1.06587,1.00,1.00
2016.06.08 19:27:06.559,1.06568,1.0659,1.00,1.00
2016.06.08 19:27:07.135,1.06567,1.0659,1.87,1.00
2016.06.08 19:27:08.583,1.06571,1.0659,1.00,1.00
2016.06.08 19:27:12.090,1.06571,1.06593,1.50,1.00
2016.06.08 19:27:17.600,1.06571,1.06594,1.87,1.00
2016.06.08 19:27:20.527,1.06571,1.06594,1.00,1.19
2016.06.08 19:27:20.578,1.06565,1.06591,1.37,1.10
2016.06.08 19:27:20.679,1.06565,1.06591,1.25,1.10
2016.06.08 19:27:21.074,1.06567,1.06591,1.00,1.10
2016.06.08 19:27:21.834,1.06568,1.06591,1.00,1.00
2016.06.08 19:27:22.694,1.06569,1.06593,1.50,1.00
2016.06.08 19:27:23.644,1.0657,1.06593,1.00,1.00
2016.06.08 19:27:23.974,1.06572,1.06593,1.00,1.00
2016.06.08 19:27:27.455,1.06572,1.06595,1.00,1.00
2016.06.08 19:27:35.103,1.06572,1.06596,1.00,1.00
2016.06.08 19:27:44.468,1.06573,1.06596,1.00,1.00
2016.06.08 19:27:51.494,1.06575,1.06596,1.00,1.00
2016.06.08 19:28:00.653,1.06575,1.06599,1.25,1.00
2016.06.08 19:28:00.704,1.06577,1.06599,1.00,1.00
2016.06.08 19:28:00.755,1.06577,1.06602,1.00,1.00
2016.06.08 19:28:00.857,1.06575,1.06602,1.69,1.00
2016.06.08 19:28:01.375,1.06576,1.06602,1.00,1.00
2016.06.08 19:28:01.527,1.06576,1.06599,1.00,1.00
2016.06.08 19:28:01.628,1.06578,1.06602,1.50,1.00
2016.06.08 19:28:02.824,1.0658,1.06602,1.00,1.00
2016.06.08 19:28:03.310,1.06584,1.06602,1.00,1.00
2016.06.08 19:28:03.411,1.06581,1.06602,1.00,1.00
2016.06.08 19:28:03.810,1.06583,1.06602,1.00,1.00
2016.06.08 19:28:05.872,1.06583,1.06605,1.00,1.00
2016.06.08 19:28:06.386,1.0658,1.06605,1.69,1.00
2016.06.08 19:28:07.541,1.06584,1.06605,1.00,1.00
2016.06.08 19:28:11.456,1.06584,1.06607,1.00,1.00
2016.06.08 19:28:14.320,1.06582,1.06607,1.25,1.00
2016.06.08 19:28:14.472,1.06578,1.06604,1.87,1.00
2016.06.08 19:28:14.937,1.0657,1.06597,2.25,1.00
2016.06.08 19:28:15.039,1.06573,1.06597,1.00,1.00
2016.06.08 19:28:15.140,1.06568,1.06597,1.25,1.57
2016.06.08 19:28:15.666,1.06569,1.06597,1.00,1.07
2016.06.08 19:28:15.768,1.06569,1.06594,1.00,1.00
2016.06.08 19:28:16.310,1.0657,1.06594,1.12,1.00
2016.06.08 19:28:17.840,1.0657,1.06594,1.31,1.00
2016.06.08 19:28:20.677,1.06569,1.06592,1.69,1.00
2016.06.08 19:28:25.277,1.06569,1.06594,1.69,1.00
2016.06.08 19:28:31.509,1.06569,1.06594,1.12,1.00
2016.06.08 19:28:34.739,1.0657,1.06594,1.00,1.00
2016.06.08 19:28:36.325,1.0657,1.06595,1.00,1.00
2016.06.08 19:28:36.853,1.06571,1.06595,1.00,1.00
2016.06.08 19:28:44.552,1.06569,1.06595,1.12,1.00
2016.06.08 19:28:47.142,1.06568,1.06596,2.44,1.00
2016.06.08 19:28:50.520,1.06569,1.06596,1.12,1.37
2016.06.08 19:28:51.095,1.06569,1.06596,1.00,1.75
2016.06.08 19:28:52.015,1.06568,1.06596,1.50,1.75
2016.06.08 19:28:52.714,1.06574,1.06594,1.19,1.12
2016.06.08 19:29:04.193,1.06574,1.06595,1.19,1.00
2016.06.08 19:29:07.081,1.06574,1.06595,1.19,1.75
2016.06.08 19:29:10.852,1.06573,1.06593,1.19,1.07
2016.06.08 19:29:12.069,1.06573,1.06591,1.19,1.00
2016.06.08 19:29:17.439,1.06573,1.06593,1.19,1.00
2016.06.08 19:29:18.488,1.06568,1.06593,1.19,1.00
2016.06.08 19:29:18.961,1.06572,1.06594,1.00,1.00
2016.06.08 19:29:19.265,1.06573,1.06594,1.19,1.00
2016.06.08 19:29:21.522,1.06568,1.06594,1.69,1.00
2016.06.08 19:29:25.006,1.06571,1.06594,1.00,1.00
2016.06.08 19:29:25.309,1.06571,1.06594,1.69,1.00
2016.06.08 19:29:25.512,1.06572,1.06597,1.00,1.00
2016.06.08 19:29:26.032,1.06572,1.06597,1.00,1.57
2016.06.08 19:29:27.512,1.06572,1.06597,1.00,1.50
2016.06.08 19:29:29.743,1.06571,1.06597,1.00,1.50
2016.06.08 19:29:30.734,1.06571,1.06596,1.00,1.00
2016.06.08 19:29:36.133,1.06571,1.06597,1.00,1.50
2016.06.08 19:29:37.136,1.06571,1.06597,1.37,1.50
2016.06.08 19:29:39.440,1.0657,1.06594,1.00,1.00
2016.06.08 19:29:39.744,1.0657,1.06594,1.00,2.25
2016.06.08 19:29:40.294,1.0657,1.06594,1.00,1.57
2016.06.08 19:29:41.549,1.06569,1.06594,1.87,1.57
2016.06.08 19:29:42.076,1.0657,1.06594,1.00,1.57
2016.06.08 19:29:44.220,1.0657,1.06594,1.00,1.00
2016.06.08 19:29:44.759,1.06569,1.06594,1.50,1.50
2016.06.08 19:29:46.469,1.0657,1.06594,1.00,1.00
2016.06.08 19:29:46.773,1.06563,1.06584,1.69,1.00
2016.06.08 19:29:46.874,1.06555,1.06579,1.50,1.00
2016.06.08 19:29:47.421,1.06555,1.06579,1.00,1.07
2016.06.08 19:29:47.923,1.06555,1.06579,1.00,1.00
2016.06.08 19:29:50.382,1.06557,1.0658,2.44,1.00
2016.06.08 19:29:50.585,1.06555,1.0658,1.87,1.07
2016.06.08 19:29:51.086,1.06555,1.0658,1.50,1.00
2016.06.08 19:29:52.087,1.06557,1.0658,1.00,1.00
2016.06.08 19:29:52.588,1.06557,1.06582,1.00,1.07
2016.06.08 19:29:54.541,1.06557,1.06582,1.00,1.00
2016.06.08 19:30:04.011,1.06557,1.06584,1.31,1.57
2016.06.08 19:30:04.523,1.06558,1.06584,1.00,1.07
2016.06.08 19:30:05.181,1.06555,1.06584,1.12,1.07
2016.06.08 19:30:08.333,1.06557,1.06584,1.00,1.00
2016.06.08 19:30:08.644,1.0656,1.06586,1.00,1.19
2016.06.08 19:30:12.684,1.0656,1.06586,1.19,1.00
2016.06.08 19:30:12.987,1.06563,1.06589,1.50,1.07
2016.06.08 19:30:13.769,1.0656,1.06585,1.19,1.12
2016.06.08 19:30:14.038,1.06557,1.06585,1.12,1.12
2016.06.08 19:30:16.670,1.06555,1.06585,1.25,1.87
2016.06.08 19:30:17.293,1.06554,1.06583,1.87,1.00
2016.06.08 19:30:17.596,1.06554,1.06583,1.50,1.75
2016.06.08 19:30:18.747,1.06557,1.06583,1.00,1.75
2016.06.08 19:30:24.458,1.06558,1.06583,1.00,1.19
2016.06.08 19:30:25.365,1.06561,1.06582,1.00,1.00
2016.06.08 19:30:25.467,1.06561,1.06587,1.00,1.19
2016.06.08 19:30:27.048,1.06561,1.06586,1.00,3.19
2016.06.08 19:30:27.122,1.06557,1.06585,1.00,1.01
2016.06.08 19:30:27.569,1.06557,1.06586,1.00,1.26
2016.06.08 19:30:28.081,1.06558,1.06587,1.00,1.19
2016.06.08 19:30:29.263,1.0656,1.06587,1.00,1.19
2016.06.08 19:30:29.569,1.06563,1.06587,1.00,1.19
2016.06.08 19:30:30.806,1.06564,1.06591,1.00,1.25
2016.06.08 19:30:31.428,1.06565,1.06591,1.00,1.25
2016.06.08 19:30:36.665,1.06566,1.06591,1.00,1.25
2016.06.08 19:30:37.687,1.06566,1.0659,1.00,1.00
2016.06.08 19:30:42.982,1.06566,1.06593,1.00,3.19
2016.06.08 19:30:44.666,1.06564,1.06592,1.00,1.19
2016.06.08 19:30:44.717,1.06562,1.06589,1.00,1.57
2016.06.08 19:30:45.052,1.06557,1.06583,1.12,1.00
2016.06.08 19:30:48.861,1.06556,1.06583,1.87,1.00
2016.06.08 19:30:51.136,1.06556,1.06584,2.62,1.00
2016.06.08 19:30:52.144,1.06558,1.06584,1.00,1.00
2016.06.08 19:30:56.485,1.06558,1.06585,1.00,1.00
2016.06.08 19:30:59.853,1.06557,1.06585,1.00,1.00
2016.06.08 19:31:07.343,1.06557,1.06585,1.00,1.19
2016.06.08 19:31:07.670,1.0656,1.06585,1.50,1.00
2016.06.08 19:31:07.933,1.06558,1.06584,1.00,1.00
2016.06.08 19:31:11.182,1.06557,1.06584,1.50,1.00
2016.06.08 19:31:12.505,1.06556,1.06583,1.50,1.00
2016.06.08 19:31:12.804,1.06552,1.06582,1.50,1.19
2016.06.08 19:31:13.107,1.06552,1.06577,1.12,1.00
2016.06.08 19:31:14.107,1.06552,1.0658,1.12,1.00
2016.06.08 19:31:14.838,1.06552,1.06581,1.12,1.50
2016.06.08 19:31:15.358,1.06553,1.06581,1.00,1.50
2016.06.08 19:31:17.813,1.06553,1.06581,1.37,1.00
2016.06.08 19:31:18.356,1.06554,1.06582,1.25,1.50
2016.06.08 19:31:19.442,1.06554,1.06581,1.69,1.00
2016.06.08 19:31:19.721,1.06551,1.06577,1.69,1.00
2016.06.08 19:31:20.024,1.06551,1.06577,1.19,1.37
2016.06.08 19:31:21.324,1.06549,1.06573,1.00,1.00
2016.06.08 19:31:21.854,1.06547,1.06573,1.19,1.00
2016.06.08 19:31:22.158,1.06545,1.06569,1.19,1.00
2016.06.08 19:31:22.966,1.06543,1.06569,1.31,1.00
2016.06.08 19:31:26.442,1.06543,1.06568,1.25,1.00
2016.06.08 19:31:28.159,1.06541,1.06566,1.19,1.00
2016.06.08 19:31:28.261,1.06541,1.06566,1.00,1.00
2016.06.08 19:31:31.617,1.0654,1.06566,1.00,1.00
2016.06.08 19:31:32.242,1.0654,1.06569,1.00,1.00
2016.06.08 19:31:32.444,1.06542,1.06569,1.00,1.00
2016.06.08 19:31:33.248,1.06543,1.06569,1.00,1.00
2016.06.08 19:31:37.309,1.06542,1.06569,1.31,1.00
2016.06.08 19:31:38.060,1.06538,1.06565,1.87,1.00
2016.06.08 19:31:38.111,1.06538,1.06565,1.12,1.00
2016.06.08 19:31:38.661,1.06537,1.06565,2.81,1.00
2016.06.08 19:31:39.204,1.06538,1.06565,1.00,1.00
2016.06.08 19:31:39.710,1.06537,1.06565,3.56,1.00
2016.06.08 19:31:40.324,1.06537,1.06558,1.25,1.00
2016.06.08 19:31:40.476,1.06529,1.06557,2.06,1.50
2016.06.08 19:31:40.830,1.06528,1.06557,1.50,2.06
2016.06.08 19:31:41.102,1.06528,1.06554,1.50,1.00
2016.06.08 19:31:41.608,1.06527,1.06555,1.00,1.00
2016.06.08 19:31:44.073,1.06527,1.06555,1.00,1.37
2016.06.08 19:31:44.225,1.06524,1.06553,1.25,1.50
2016.06.08 19:31:44.918,1.06525,1.06553,1.00,1.00
2016.06.08 19:31:45.272,1.06521,1.06551,1.37,1.00
2016.06.08 19:31:45.323,1.06521,1.06551,1.00,1.00
2016.06.08 19:31:45.828,1.06521,1.0655,1.00,1.00
2016.06.08 19:31:45.962,1.06517,1.06546,2.06,1.00
2016.06.08 19:31:46.114,1.06517,1.06546,1.00,1.29
2016.06.08 19:31:46.266,1.06515,1.06546,1.50,1.39
2016.06.08 19:31:47.059,1.06523,1.06549,1.00,1.75
2016.06.08 19:31:47.138,1.06522,1.06553,1.50,1.50
2016.06.08 19:31:47.646,1.06523,1.06553,1.00,1.50
2016.06.08 19:31:48.133,1.0652,1.0655,1.19,1.00
2016.06.08 19:31:48.603,1.06517,1.06545,1.31,1.00
2016.06.08 19:31:48.705,1.06519,1.06549,1.00,1.69
2016.06.08 19:31:48.932,1.06523,1.06552,1.00,3.19
2016.06.08 19:31:49.058,1.06518,1.06552,1.85,1.31
2016.06.08 19:31:49.210,1.06514,1.06549,1.94,1.01
2016.06.08 19:31:49.261,1.06513,1.06547,3.37,1.19
2016.06.08 19:31:49.616,1.06513,1.06544,1.12,1.00
2016.06.08 19:31:50.251,1.06514,1.06544,1.00,1.00
2016.06.08 19:31:51.226,1.0652,1.06547,1.00,1.19
2016.06.08 19:31:51.379,1.0652,1.06555,1.75,1.31
2016.06.08 19:31:52.340,1.06525,1.06557,1.00,2.04
2016.06.08 19:31:54.448,1.06522,1.06557,1.50,2.04
2016.06.08 19:31:54.549,1.06522,1.06554,1.50,1.37
2016.06.08 19:31:54.650,1.06521,1.06554,1.00,1.75
2016.06.08 19:31:55.168,1.06522,1.06554,1.00,2.25
2016.06.08 19:31:56.233,1.06519,1.06554,1.37,2.25
2016.06.08 19:31:56.334,1.06519,1.06552,1.00,1.50
2016.06.08 19:31:59.345,1.06517,1.06552,1.69,1.50
2016.06.08 19:31:59.915,1.06517,1.06551,2.06,1.20
2016.06.08 19:32:00.517,1.06516,1.0655,2.00,1.29
2016.06.08 19:32:00.669,1.06515,1.06547,1.94,1.10
2016.06.08 19:32:00.821,1.06513,1.06547,1.56,1.95
2016.06.08 19:32:00.922,1.06512,1.06547,2.25,2.14
2016.06.08 19:32:04.065,1.06515,1.06547,1.00,1.64
2016.06.08 19:32:04.419,1.06515,1.06548,1.37,2.06
2016.06.08 19:32:04.874,1.06515,1.06548,1.94,1.25
2016.06.08 19:32:06.532,1.06517,1.06545,1.50,1.00
2016.06.08 19:32:07.408,1.06518,1.06545,1.50,1.00
2016.06.08 19:32:07.560,1.06518,1.06548,1.50,1.25
2016.06.08 19:32:09.310,1.06516,1.06547,1.12,1.19
2016.06.08 19:32:09.411,1.06514,1.06546,1.00,1.94
2016.06.08 19:32:09.945,1.06513,1.06546,1.00,1.94
2016.06.08 19:32:10.875,1.06511,1.06534,1.69,1.00
2016.06.08 19:32:11.128,1.06518,1.06543,1.50,1.00
2016.06.08 19:32:11.229,1.06518,1.06547,2.25,1.00
2016.06.08 19:32:11.280,1.06518,1.06549,2.25,1.00
2016.06.08 19:32:11.786,1.06518,1.06551,1.50,1.69
2016.06.08 19:32:12.039,1.06518,1.06547,1.50,1.00
2016.06.08 19:32:12.498,1.06509,1.06543,1.50,1.31
2016.06.08 19:32:13.004,1.06509,1.06543,1.50,1.31
2016.06.08 19:32:15.011,1.0651,1.06543,1.00,1.31
2016.06.08 19:32:18.415,1.0651,1.06543,1.00,1.12
2016.06.08 19:32:22.324,1.06509,1.06543,1.25,1.12
2016.06.08 19:32:23.987,1.06508,1.06543,1.31,2.25
2016.06.08 19:32:24.523,1.06508,1.0654,1.19,1.85
2016.06.08 19:32:24.575,1.06507,1.0654,1.25,2.44
2016.06.08 19:32:26.967,1.06507,1.06536,1.00,1.00
2016.06.08 19:32:27.264,1.06505,1.06536,1.31,1.57
2016.06.08 19:32:27.745,1.06502,1.06532,1.94,1.00
2016.06.08 19:32:27.897,1.06499,1.06532,2.06,1.12
2016.06.08 19:32:28.251,1.06499,1.06534,3.19,1.19
2016.06.08 19:32:29.149,1.06506,1.06537,1.00,2.81
2016.06.08 19:32:29.452,1.06509,1.06537,1.00,1.19
2016.06.08 19:32:29.553,1.06509,1.06541,1.00,2.06
2016.06.08 19:32:30.102,1.06508,1.06541,1.12,2.06
2016.06.08 19:32:30.645,1.06509,1.06541,1.00,1.56
2016.06.08 19:32:31.157,1.06509,1.06537,1.00,1.00
2016.06.08 19:32:32.044,1.06508,1.06537,1.12,1.00
2016.06.08 19:32:33.145,1.06508,1.06533,1.12,1.00
2016.06.08 19:32:33.247,1.06504,1.06532,1.19,1.00
2016.06.08 19:32:33.449,1.06503,1.06536,1.19,2.25
2016.06.08 19:32:33.908,1.06507,1.06538,1.00,1.00
2016.06.08 19:32:34.413,1.06505,1.0654,1.56,3.56
2016.06.08 19:32:37.454,1.06505,1.0654,1.56,1.37
2016.06.08 19:32:38.954,1.06509,1.06539,1.00,1.12
2016.06.08 19:32:39.456,1.06505,1.06539,1.56,1.87
2016.06.08 19:32:40.594,1.06508,1.0654,1.00,1.37
2016.06.08 19:32:41.210,1.06506,1.06539,1.31,1.87
2016.06.08 19:32:41.312,1.06503,1.06537,3.19,1.00
2016.06.08 19:32:41.731,1.06503,1.06534,3.56,1.00
2016.06.08 19:32:43.188,1.06503,1.06534,1.69,1.50
2016.06.08 19:32:50.353,1.06503,1.06534,1.00,1.50
2016.06.08 19:32:52.425,1.06501,1.06534,1.25,1.50
2016.06.08 19:32:52.789,1.06499,1.06534,2.44,3.00
2016.06.08 19:32:53.211,1.06498,1.06534,4.69,2.62
2016.06.08 19:32:53.637,1.065,1.06532,1.31,1.00
2016.06.08 19:32:55.944,1.065,1.0653,1.31,1.00
2016.06.08 19:32:56.124,1.065,1.06532,1.31,1.00
2016.06.08 19:32:56.327,1.065,1.06528,1.31,1.00
2016.06.08 19:32:57.519,1.06501,1.06531,1.19,1.00
2016.06.08 19:32:58.098,1.06505,1.06531,1.00,1.00
2016.06.08 19:32:58.301,1.06507,1.06534,1.00,1.50
2016.06.08 19:32:58.453,1.06509,1.06539,1.00,1.31
2016.06.08 19:32:58.705,1.06507,1.06536,1.00,1.00
2016.06.08 19:32:58.756,1.06507,1.06534,1.00,1.00
2016.06.08 19:33:01.531,1.06507,1.06536,1.00,1.00
2016.06.08 19:33:02.358,1.06506,1.06536,1.31,1.00
2016.06.08 19:33:06.216,1.06508,1.06539,1.00,1.87
2016.06.08 19:33:07.420,1.06508,1.06538,1.00,1.75
2016.06.08 19:33:07.930,1.06506,1.06534,1.00,1.87
2016.06.08 19:33:09.739,1.06503,1.06533,1.25,1.00
2016.06.08 19:33:09.890,1.06503,1.0653,1.25,1.00
2016.06.08 19:33:13.888,1.06503,1.06533,1.25,1.00
2016.06.08 19:33:13.939,1.06503,1.06533,1.25,2.25
2016.06.08 19:33:19.804,1.065,1.06532,2.25,2.44
2016.06.08 19:33:19.855,1.065,1.06532,2.25,1.69
2016.06.08 19:33:20.454,1.06501,1.06532,1.00,1.69
2016.06.08 19:33:21.451,1.06502,1.06532,1.00,1.19
2016.06.08 19:33:25.057,1.06502,1.0653,1.00,1.00
2016.06.08 19:33:25.108,1.065,1.0653,1.00,1.50
2016.06.08 19:33:25.159,1.065,1.0653,1.00,2.25
2016.06.08 19:33:28.400,1.06503,1.06529,1.00,1.75
2016.06.08 19:33:33.104,1.06503,1.0653,1.00,1.00
2016.06.08 19:33:33.155,1.06507,1.06532,1.00,1.01
2016.06.08 19:33:41.895,1.06507,1.06533,1.00,1.94
2016.06.08 19:33:45.474,1.06506,1.06534,1.00,2.44
2016.06.08 19:33:46.161,1.06504,1.06525,1.00,1.00
2016.06.08 19:33:46.212,1.06501,1.06523,1.00,1.12
2016.06.08 19:33:50.237,1.06502,1.06526,1.00,1.85
2016.06.08 19:33:50.389,1.06502,1.06528,1.00,1.12
2016.06.08 19:33:50.440,1.06505,1.06528,1.00,1.12
2016.06.08 19:33:51.518,1.06505,1.06526,1.00,1.00
2016.06.08 19:33:51.837,1.06503,1.06522,1.00,1.19
2016.06.08 19:33:52.276,1.065,1.06522,1.00,1.19
2016.06.08 19:33:54.069,1.06503,1.06523,1.00,1.19
2016.06.08 19:33:54.120,1.06503,1.06527,1.00,2.44
2016.06.08 19:33:54.323,1.06499,1.06526,1.00,1.19
2016.06.08 19:33:54.424,1.06497,1.06524,1.00,2.44
2016.06.08 19:33:55.530,1.06495,1.0652,1.00,1.69
2016.06.08 19:33:56.101,1.06497,1.0652,1.00,1.69
2016.06.08 19:33:56.404,1.06504,1.06528,1.00,1.19
2016.06.08 19:33:59.189,1.06505,1.06528,1.00,1.94
2016.06.08 19:34:00.809,1.06503,1.06528,1.00,1.94
2016.06.08 19:34:00.910,1.065,1.06528,1.00,2.44
2016.06.08 19:34:01.012,1.065,1.06521,1.00,1.00
2016.06.08 19:34:03.633,1.06497,1.06521,1.00,1.00
2016.06.08 19:34:09.033,1.06498,1.06521,1.00,1.00
2016.06.08 19:34:10.381,1.06498,1.06521,1.00,1.76
2016.06.08 19:34:10.835,1.06501,1.06526,1.00,2.81
2016.06.08 19:34:11.037,1.06501,1.06525,1.00,1.01
2016.06.08 19:34:12.726,1.06501,1.06522,1.00,1.00
2016.06.08 19:34:13.230,1.06501,1.06524,1.00,1.50
2016.06.08 19:34:13.880,1.06497,1.06524,1.50,1.50
2016.06.08 19:34:13.931,1.06497,1.06521,1.00,1.10
2016.06.08 19:34:14.646,1.06497,1.06521,1.00,1.85
2016.06.08 19:34:15.532,1.06494,1.06519,1.00,1.87
2016.06.08 19:34:15.735,1.06492,1.06515,1.00,1.20
2016.06.08 19:34:16.038,1.06492,1.06514,1.00,2.32
2016.06.08 19:34:17.072,1.06492,1.06515,1.00,1.00
2016.06.08 19:34:18.908,1.06495,1.06515,1.00,1.00
2016.06.08 19:34:18.959,1.06495,1.06519,1.00,1.69
2016.06.08 19:34:19.009,1.06497,1.06519,1.00,1.19
2016.06.08 19:34:19.313,1.06497,1.06521,1.00,1.37
2016.06.08 19:34:19.946,1.065,1.06521,1.00,1.37
2016.06.08 19:34:21.466,1.06497,1.06523,1.00,1.87
2016.06.08 19:34:21.677,1.06497,1.0652,1.00,1.75
2016.06.08 19:34:26.599,1.06494,1.0652,1.00,2.32
2016.06.08 19:34:28.413,1.06494,1.0652,1.00,1.00
2016.06.08 19:34:36.227,1.06497,1.0652,1.00,1.00
2016.06.08 19:34:36.329,1.06499,1.06524,1.00,1.00
2016.06.08 19:34:36.430,1.06499,1.06526,1.00,1.31
2016.06.08 19:34:36.481,1.06503,1.06528,1.00,1.01
2016.06.08 19:34:38.345,1.06505,1.06529,1.00,1.00
2016.06.08 19:34:38.396,1.06505,1.06531,1.00,1.00
2016.06.08 19:34:38.843,1.06502,1.06529,1.00,1.00
2016.06.08 19:34:38.894,1.06504,1.06529,1.00,1.00
2016.06.08 19:34:38.996,1.06504,1.06532,1.00,3.26
2016.06.08 19:34:39.214,1.06507,1.06532,1.00,1.57
2016.06.08 19:34:44.712,1.06506,1.06532,1.00,1.00
2016.06.08 19:34:48.193,1.06508,1.06532,1.00,1.00
2016.06.08 19:34:54.651,1.06505,1.06532,1.00,1.00
2016.06.08 19:34:55.134,1.06503,1.06528,1.00,1.12
2016.06.08 19:34:55.723,1.06503,1.06529,1.00,3.37
2016.06.08 19:34:57.654,1.065,1.06527,1.19,1.37
2016.06.08 19:34:57.957,1.06499,1.06523,1.00,1.69
2016.06.08 19:34:58.008,1.06496,1.06521,1.00,1.10
2016.06.08 19:34:59.409,1.06496,1.06519,1.00,1.00
2016.06.08 19:34:59.727,1.06496,1.06519,1.00,1.75
2016.06.08 19:35:00.238,1.06495,1.06519,1.00,1.75
2016.06.08 19:35:01.931,1.06495,1.06518,1.00,1.12
2016.06.08 19:35:02.032,1.06492,1.06518,1.00,1.12
2016.06.08 19:35:02.544,1.06491,1.06518,1.00,1.12
2016.06.08 19:35:04.184,1.06494,1.06518,1.00,1.12
2016.06.08 19:35:04.687,1.06494,1.06521,1.00,2.62
2016.06.08 19:35:06.237,1.06494,1.06518,1.00,1.12
2016.06.08 19:35:06.792,1.06494,1.06518,1.00,1.50
2016.06.08 19:35:07.388,1.06494,1.06518,1.19,1.50
2016.06.08 19:35:07.694,1.06495,1.06519,1.25,1.75
2016.06.08 19:35:08.064,1.06497,1.06521,1.00,1.87
2016.06.08 19:35:08.116,1.06497,1.06523,1.00,1.12
2016.06.08 19:35:11.056,1.06497,1.06516,1.00,1.00
2016.06.08 19:35:11.416,1.06497,1.06521,1.00,1.07
2016.06.08 19:35:13.018,1.06496,1.06521,1.00,2.32
2016.06.08 19:35:14.688,1.06496,1.06519,1.00,1.00
2016.06.08 19:35:15.967,1.06496,1.0652,1.00,1.10
2016.06.08 19:35:16.018,1.06499,1.0652,1.00,1.00
2016.06.08 19:35:16.274,1.06499,1.06523,1.00,1.45
2016.06.08 19:35:16.325,1.065,1.06524,1.00,1.00
2016.06.08 19:35:17.542,1.06504,1.06524,1.00,1.00
2016.06.08 19:35:17.609,1.06501,1.06524,1.00,1.10
2016.06.08 19:35:17.660,1.06501,1.06527,1.00,1.75
2016.06.08 19:35:18.172,1.06497,1.06523,1.69,1.07
2016.06.08 19:35:34.461,1.06497,1.06521,1.19,1.00
2016.06.08 19:35:35.062,1.06496,1.06522,1.69,1.10
2016.06.08 19:35:39.807,1.06497,1.06522,1.00,1.10
2016.06.08 19:35:40.229,1.06497,1.0652,1.00,1.12
2016.06.08 19:35:41.428,1.06495,1.0652,1.00,1.12
2016.06.08 19:35:46.745,1.06496,1.06521,1.00,1.87
2016.06.08 19:35:57.074,1.06494,1.06521,1.00,2.62
2016.06.08 19:36:07.979,1.06495,1.06519,1.00,1.50
2016.06.08 19:36:20.523,1.06494,1.06519,1.00,1.50
2016.06.08 19:36:25.630,1.06495,1.06519,1.00,1.50
2016.06.08 19:36:25.681,1.065,1.06519,1.00,1.50
2016.06.08 19:36:25.782,1.06503,1.06527,1.00,1.00
2016.06.08 19:36:25.833,1.06501,1.06528,1.00,1.57
2016.06.08 19:36:25.884,1.06501,1.06528,1.00,1.50
2016.06.08 19:36:26.385,1.06501,1.06524,1.00,1.20
2016.06.08 19:36:26.840,1.06498,1.06524,1.25,1.20
2016.06.08 19:36:27.043,1.06497,1.06521,1.19,1.00
2016.06.08 19:36:28.354,1.06497,1.06521,1.19,1.87
2016.06.08 19:36:28.669,1.065,1.06518,1.19,1.20
2016.06.08 19:36:30.769,1.065,1.06518,1.19,1.47
2016.06.08 19:36:31.999,1.065,1.06517,1.19,1.07
2016.06.08 19:36:32.358,1.065,1.06514,1.19,1.50
2016.06.08 19:36:32.409,1.06488,1.06514,1.00,2.25
2016.06.08 19:36:32.460,1.06491,1.06514,1.00,2.25
2016.06.08 19:36:32.752,1.06494,1.06519,1.00,1.12
2016.06.08 19:36:32.804,1.06494,1.06517,1.00,1.00
2016.06.08 19:36:33.208,1.06494,1.06514,1.00,1.00
2016.06.08 19:36:33.395,1.06494,1.06516,1.00,1.00
2016.06.08 19:36:33.597,1.06492,1.06515,1.25,1.45
2016.06.08 19:36:36.491,1.06494,1.06516,1.00,1.37
2016.06.08 19:36:36.542,1.06494,1.06518,1.00,1.87
2016.06.08 19:36:40.017,1.06494,1.06518,1.19,1.12
2016.06.08 19:36:40.219,1.06494,1.06518,1.69,1.12
2016.06.08 19:36:40.951,1.06498,1.0652,1.00,1.75
2016.06.08 19:36:41.279,1.06501,1.06527,1.00,1.37
2016.06.08 19:36:41.817,1.06501,1.06524,1.25,1.00
2016.06.08 19:36:42.355,1.06501,1.06526,1.25,1.07
2016.06.08 19:36:42.406,1.06501,1.06523,1.25,1.00
2016.06.08 19:36:42.729,1.06497,1.06516,1.25,1.00
2016.06.08 19:36:43.221,1.06497,1.06519,1.25,1.10
2016.06.08 19:36:45.458,1.06497,1.06521,1.25,1.00
2016.06.08 19:36:45.971,1.06497,1.0652,1.25,1.00
2016.06.08 19:36:53.035,1.06496,1.06518,1.19,1.00
2016.06.08 19:36:55.380,1.06495,1.06517,1.19,1.37
2016.06.08 19:36:55.431,1.06494,1.06514,1.00,1.10
2016.06.08 19:36:55.960,1.06494,1.06513,1.00,1.00
2016.06.08 19:36:56.483,1.06491,1.06516,1.00,1.50
2016.06.08 19:36:56.585,1.06493,1.06516,1.00,1.12
2016.06.08 19:36:56.890,1.06496,1.06518,1.19,1.00
2016.06.08 19:36:57.244,1.06496,1.06516,1.19,1.37
2016.06.08 19:36:57.295,1.06492,1.06516,1.00,1.75
2016.06.08 19:36:57.774,1.06498,1.06518,1.19,1.37
2016.06.08 19:36:57.825,1.06498,1.06518,1.19,1.12
2016.06.08 19:36:58.179,1.06498,1.06517,1.19,1.37
2016.06.08 19:36:58.331,1.06498,1.06518,1.19,1.12
2016.06.08 19:36:58.433,1.06498,1.06515,1.19,1.00
2016.06.08 19:36:58.736,1.06498,1.06518,1.19,1.10
2016.06.08 19:37:00.428,1.06498,1.06516,1.19,1.00
2016.06.08 19:37:00.479,1.06494,1.06516,1.00,1.00
2016.06.08 19:37:00.580,1.06499,1.06516,1.19,1.00
2016.06.08 19:37:01.666,1.06499,1.06517,1.19,1.45
2016.06.08 19:37:01.919,1.06499,1.06517,1.19,1.00
2016.06.08 19:37:10.476,1.06496,1.06517,1.19,1.00
2016.06.08 19:37:11.255,1.06496,1.06516,1.19,1.00
2016.06.08 19:37:11.358,1.06495,1.06517,1.19,1.82
2016.06.08 19:37:11.459,1.06496,1.06517,1.19,1.00
2016.06.08 19:37:17.541,1.06495,1.06515,1.69,1.00
2016.06.08 19:37:22.297,1.06496,1.06517,1.19,1.00
2016.06.08 19:37:23.360,1.06496,1.06518,1.19,1.00
2016.06.08 19:37:30.354,1.06496,1.0652,1.19,1.00
2016.06.08 19:37:30.570,1.06496,1.06518,1.19,1.00
2016.06.08 19:37:30.873,1.06495,1.06516,1.00,1.10
2016.06.08 19:37:32.431,1.06498,1.06516,1.00,1.00
2016.06.08 19:37:32.735,1.06505,1.0653,1.00,1.50
2016.06.08 19:37:32.836,1.06505,1.06529,1.00,1.37
2016.06.08 19:37:33.155,1.06505,1.06529,1.69,1.00
2016.06.08 19:37:38.562,1.06505,1.06526,1.19,1.00
2016.06.08 19:37:38.663,1.065,1.06527,1.00,1.07
2016.06.08 19:37:38.714,1.065,1.06527,1.00,1.75
2016.06.08 19:37:39.240,1.065,1.06522,1.00,1.50
2016.06.08 19:37:40.341,1.06497,1.06521,1.25,1.00
2016.06.08 19:37:41.914,1.06497,1.06522,1.00,1.50
2016.06.08 19:37:42.765,1.06497,1.06521,1.00,1.00
2016.06.08 19:37:44.350,1.06497,1.06522,1.00,1.00
2016.06.08 19:37:44.401,1.06501,1.06522,1.00,1.00
2016.06.08 19:37:44.604,1.06501,1.06526,1.00,1.50
2016.06.08 19:37:44.655,1.06503,1.06526,1.00,1.00
2016.06.08 19:37:44.907,1.06507,1.06532,1.00,1.50
2016.06.08 19:37:45.421,1.06507,1.06533,1.00,1.12
2016.06.08 19:37:50.407,1.06509,1.06533,1.00,1.12
2016.06.08 19:37:53.067,1.06509,1.06532,1.00,1.00
2016.06.08 19:37:53.370,1.06509,1.0653,1.00,1.00
2016.06.08 19:37:55.421,1.06509,1.06533,1.00,1.12
2016.06.08 19:37:55.573,1.06511,1.06533,1.00,1.12
2016.06.08 19:38:00.939,1.0651,1.06533,1.00,1.87
2016.06.08 19:38:04.506,1.0651,1.06533,1.00,1.37
2016.06.08 19:38:13.646,1.06508,1.06535,1.00,2.32
2016.06.08 19:38:19.133,1.0651,1.06535,1.00,2.32
2016.06.08 19:38:22.762,1.0651,1.06535,1.00,1.87
2016.06.08 19:38:22.813,1.06518,1.06535,1.19,1.12
2016.06.08 19:38:22.864,1.06518,1.06538,1.19,1.00
2016.06.08 19:38:23.099,1.06518,1.06542,1.19,1.45
2016.06.08 19:38:23.150,1.06519,1.06542,1.19,1.00
2016.06.08 19:38:23.201,1.06519,1.06544,1.19,1.50
2016.06.08 19:38:23.654,1.06522,1.06546,1.00,1.00
2016.06.08 19:38:26.816,1.06524,1.06546,1.00,1.00
2016.06.08 19:38:27.557,1.06524,1.06548,1.00,2.25
2016.06.08 19:38:32.435,1.06526,1.06548,1.00,1.50
2016.06.08 19:38:44.465,1.06526,1.06548,1.00,1.12
2016.06.08 19:38:45.109,1.06526,1.06551,1.00,2.25
2016.06.08 19:38:48.109,1.06526,1.06551,1.19,2.25
2016.06.08 19:39:00.462,1.06525,1.06547,1.69,1.00
2016.06.08 19:39:00.765,1.06525,1.06547,1.69,1.75
2016.06.08 19:39:02.141,1.06531,1.06554,1.00,1.00
2016.06.08 19:39:02.192,1.06534,1.06561,1.00,1.82
2016.06.08 19:39:02.294,1.06534,1.06555,1.00,1.00
2016.06.08 19:39:02.395,1.06534,1.06559,1.00,1.12
2016.06.08 19:39:07.820,1.06535,1.06562,1.00,1.75
2016.06.08 19:39:08.401,1.06537,1.06562,1.00,1.75
2016.06.08 19:39:12.918,1.06543,1.06562,1.00,1.00
2016.06.08 19:39:13.019,1.06539,1.06565,1.19,1.00
2016.06.08 19:39:13.121,1.06539,1.06568,2.44,1.00
2016.06.08 19:39:13.324,1.0654,1.0657,1.19,1.12
2016.06.08 19:39:26.901,1.06547,1.06571,1.19,1.50
2016.06.08 19:39:29.316,1.06547,1.06574,1.19,1.57
2016.06.08 19:39:31.962,1.06548,1.06577,1.50,2.00
2016.06.08 19:39:32.472,1.06547,1.06577,1.00,2.00
2016.06.08 19:39:36.567,1.06546,1.06576,1.00,2.25
2016.06.08 19:39:44.364,1.06544,1.06575,1.00,1.75
2016.06.08 19:39:47.491,1.06544,1.06572,1.00,1.00
2016.06.08 19:39:49.264,1.06548,1.06572,1.00,1.00
2016.06.08 19:39:54.922,1.0655,1.06572,1.00,1.00
2016.06.08 19:40:05.948,1.06549,1.06572,1.00,1.00
2016.06.08 19:40:07.759,1.06549,1.06573,1.00,1.50
2016.06.08 19:40:12.035,1.0655,1.06573,1.00,1.00
2016.06.08 19:40:17.422,1.06549,1.06573,1.00,1.50
2016.06.08 19:40:22.919,1.06548,1.06573,1.00,2.25
2016.06.08 19:40:24.136,1.06548,1.06574,1.00,1.00
2016.06.08 19:40:24.793,1.06548,1.06575,1.00,1.12
2016.06.08 19:40:28.127,1.06551,1.06575,1.00,1.12
2016.06.08 19:40:31.150,1.06551,1.06574,1.00,1.00
2016.06.08 19:40:34.936,1.06551,1.06575,1.00,1.87
2016.06.08 19:40:35.448,1.06551,1.06574,1.00,1.00
2016.06.08 19:40:44.507,1.06551,1.06574,1.00,1.87
2016.06.08 19:40:50.129,1.0655,1.06573,1.00,2.25
2016.06.08 19:40:50.951,1.0655,1.0657,1.00,1.00
2016.06.08 19:40:53.453,1.0655,1.06572,1.00,1.00
2016.06.08 19:40:53.961,1.0655,1.06573,1.00,1.50
2016.06.08 19:40:58.575,1.0655,1.06572,1.00,1.00
2016.06.08 19:40:59.133,1.0655,1.06573,1.00,1.50
2016.06.08 19:41:00.161,1.0655,1.06572,1.00,1.00
2016.06.08 19:41:00.706,1.0655,1.06573,1.00,1.50
2016.06.08 19:41:02.765,1.0655,1.06572,1.00,1.00
2016.06.08 19:41:03.552,1.0655,1.06573,1.00,1.00
2016.06.08 19:41:07.352,1.0655,1.06569,1.00,1.00
2016.06.08 19:41:07.404,1.06547,1.06569,1.19,1.00
2016.06.08 19:41:07.707,1.06547,1.06569,1.19,1.37
2016.06.08 19:41:08.946,1.06546,1.06567,1.19,1.75
2016.06.08 19:41:09.149,1.06544,1.06569,1.00,2.25
2016.06.08 19:41:10.246,1.06544,1.06561,1.00,1.00
2016.06.08 19:41:13.302,1.0654,1.06561,1.69,1.00
2016.06.08 19:41:14.002,1.0654,1.06563,1.69,1.50
2016.06.08 19:41:21.234,1.0654,1.06564,1.00,2.25
2016.06.08 19:41:24.323,1.0654,1.06564,1.00,2.25
2016.06.08 19:41:25.529,1.06537,1.06562,1.25,1.37
2016.06.08 19:41:26.361,1.06537,1.06562,1.25,1.75
2016.06.08 19:41:26.412,1.06537,1.06563,1.25,2.25
2016.06.08 19:41:26.563,1.06541,1.06566,1.00,1.75
2016.06.08 19:41:27.231,1.06537,1.06567,1.25,2.25
2016.06.08 19:41:27.740,1.06537,1.06567,1.25,2.25
2016.06.08 19:41:27.791,1.06541,1.06567,1.00,2.25
2016.06.08 19:41:29.262,1.06543,1.06567,1.00,1.50
2016.06.08 19:41:31.058,1.0654,1.06567,1.19,1.50
2016.06.08 19:41:32.971,1.06541,1.06567,1.19,2.25
2016.06.08 19:41:34.659,1.06543,1.06567,1.25,1.00
2016.06.08 19:41:34.710,1.06543,1.0657,1.25,1.37
2016.06.08 19:41:34.977,1.06547,1.0657,1.19,1.87
2016.06.08 19:41:35.779,1.06548,1.06572,1.19,1.87
2016.06.08 19:41:46.215,1.06547,1.06572,1.69,1.50
2016.06.08 19:41:46.551,1.06547,1.0657,1.69,1.12
2016.06.08 19:41:49.109,1.06547,1.06572,1.69,1.00
2016.06.08 19:41:49.623,1.06547,1.06571,1.69,1.00
2016.06.08 19:41:50.294,1.06547,1.06573,1.69,1.12
2016.06.08 19:42:04.490,1.06549,1.06574,1.25,1.50
2016.06.08 19:42:14.562,1.06548,1.06573,1.00,2.25
2016.06.08 19:42:24.520,1.06548,1.06573,1.00,1.50
2016.06.08 19:42:30.620,1.06545,1.0657,1.19,3.00
2016.06.08 19:42:31.029,1.06545,1.0657,1.19,2.25
2016.06.08 19:42:31.080,1.06545,1.06571,1.19,1.75
2016.06.08 19:42:31.587,1.06548,1.06571,1.00,1.75
2016.06.08 19:42:35.618,1.06545,1.06571,1.19,2.25
2016.06.08 19:42:35.989,1.06545,1.06571,1.19,1.00
2016.06.08 19:42:36.040,1.06548,1.06574,1.00,1.87
2016.06.08 19:42:36.145,1.06548,1.06572,1.00,1.37
2016.06.08 19:42:42.926,1.06545,1.06567,1.69,1.87
2016.06.08 19:42:44.756,1.0654,1.06548,1.19,1.00
2016.06.08 19:42:44.909,1.06515,1.06529,1.19,1.12
2016.06.08 19:42:45.010,1.06501,1.06529,3.19,1.00
2016.06.08 19:42:45.063,1.06508,1.06529,1.19,1.37
2016.06.08 19:42:45.215,1.06508,1.06538,1.69,1.75
2016.06.08 19:42:45.266,1.06508,1.0654,2.06,1.37
2016.06.08 19:42:45.317,1.06511,1.0654,1.31,1.00
2016.06.08 19:42:45.470,1.06513,1.06542,1.69,1.50
2016.06.08 19:42:45.571,1.06513,1.06542,2.44,1.50
2016.06.08 19:42:46.162,1.06518,1.06542,2.06,1.00
2016.06.08 19:42:46.213,1.06518,1.06546,2.06,1.00
2016.06.08 19:42:52.213,1.06518,1.06545,1.69,1.00
2016.06.08 19:42:55.912,1.06523,1.06545,1.19,1.00
2016.06.08 19:42:57.548,1.06523,1.06547,1.19,1.50
2016.06.08 19:43:02.184,1.06523,1.06547,1.19,1.87
2016.06.08 19:43:04.118,1.06513,1.0654,1.69,1.00
2016.06.08 19:43:04.421,1.06515,1.0654,1.19,1.50
2016.06.08 19:43:04.724,1.06515,1.06542,1.19,1.00
2016.06.08 19:43:04.826,1.06515,1.06542,1.19,1.37
2016.06.08 19:43:04.876,1.06513,1.06538,1.25,1.50
2016.06.08 19:43:06.210,1.06511,1.06537,1.19,1.37
2016.06.08 19:43:08.238,1.06511,1.06532,1.19,1.00
2016.06.08 19:43:08.744,1.06511,1.06531,1.19,1.00
2016.06.08 19:43:09.190,1.06504,1.06531,1.19,1.00
2016.06.08 19:43:09.242,1.06504,1.06531,1.19,1.37
2016.06.08 19:43:11.170,1.06504,1.06527,1.19,1.00
2016.06.08 19:43:11.272,1.06499,1.06525,1.69,1.00
2016.06.08 19:43:11.323,1.06499,1.06525,1.19,1.37
2016.06.08 19:43:12.916,1.06499,1.06519,1.19,1.75
2016.06.08 19:43:18.388,1.06492,1.06519,1.19,1.75
2016.06.08 19:43:19.097,1.06492,1.06516,1.19,1.00
2016.06.08 19:43:19.602,1.06492,1.06521,1.19,1.12
2016.06.08 19:43:20.232,1.06492,1.06521,1.19,1.37
2016.06.08 19:43:20.585,1.06492,1.06521,1.19,1.00
2016.06.08 19:43:21.181,1.06492,1.06519,1.19,1.00
2016.06.08 19:43:21.585,1.06492,1.06521,1.19,1.00
2016.06.08 19:43:21.838,1.06492,1.06521,1.19,1.47
2016.06.08 19:43:28.966,1.06488,1.06521,2.44,1.85
2016.06.08 19:43:29.862,1.06488,1.0652,1.69,1.75
2016.06.08 19:43:30.014,1.06488,1.06519,1.19,1.50
2016.06.08 19:43:30.166,1.06488,1.06519,1.19,1.50
2016.06.08 19:43:30.267,1.06488,1.06519,1.19,1.75
2016.06.08 19:43:30.318,1.06488,1.06519,1.19,1.37
2016.06.08 19:43:32.086,1.06488,1.06519,1.19,1.37
2016.06.08 19:43:32.541,1.06489,1.06521,1.19,1.75
2016.06.08 19:43:32.592,1.06489,1.06521,1.19,1.37
2016.06.08 19:43:32.643,1.06489,1.06523,1.69,1.50
2016.06.08 19:43:32.744,1.06494,1.06523,1.00,1.50
2016.06.08 19:43:33.105,1.06494,1.0652,1.00,1.00
2016.06.08 19:43:33.207,1.06494,1.06522,1.00,1.12
2016.06.08 19:43:34.002,1.06497,1.06524,1.00,2.25
2016.06.08 19:43:34.154,1.06497,1.06524,1.00,1.00
2016.06.08 19:43:35.041,1.06497,1.06526,1.00,3.00
2016.06.08 19:43:35.949,1.06497,1.06524,1.00,1.75
2016.06.08 19:43:38.857,1.06497,1.06526,1.00,1.00
2016.06.08 19:43:38.908,1.06497,1.06524,1.00,1.00
2016.06.08 19:43:39.421,1.06497,1.06525,1.00,1.00
2016.06.08 19:43:39.751,1.065,1.06525,1.00,1.00
2016.06.08 19:43:44.827,1.065,1.06527,1.19,1.12
2016.06.08 19:43:45.444,1.065,1.06526,1.19,1.00
2016.06.08 19:43:46.168,1.065,1.06525,1.19,1.00
2016.06.08 19:43:48.231,1.06502,1.06528,1.00,1.37
2016.06.08 19:43:48.332,1.06506,1.06529,1.19,1.00
2016.06.08 19:43:48.636,1.06506,1.06532,1.19,1.00
2016.06.08 19:43:49.283,1.06506,1.06534,1.19,1.50
2016.06.08 19:43:50.921,1.0651,1.06535,1.00,1.75
2016.06.08 19:43:51.420,1.0651,1.06536,1.00,1.50
2016.06.08 19:43:51.622,1.0651,1.06536,1.00,2.25
2016.06.08 19:43:52.397,1.06515,1.06537,1.00,1.50
2016.06.08 19:43:52.819,1.0652,1.06542,1.00,1.00
2016.06.08 19:43:52.870,1.0652,1.06544,1.00,1.00
2016.06.08 19:43:53.403,1.06523,1.06544,1.00,1.00
2016.06.08 19:43:53.766,1.06523,1.06546,1.00,1.00
2016.06.08 19:43:53.969,1.06523,1.06549,1.00,1.00
2016.06.08 19:43:54.272,1.06523,1.06547,1.00,1.00
2016.06.08 19:43:54.785,1.06523,1.06546,1.00,1.00
2016.06.08 19:43:55.375,1.06523,1.06547,1.25,1.00
2016.06.08 19:43:57.196,1.06526,1.06547,1.00,1.00
2016.06.08 19:43:57.247,1.06526,1.06549,1.00,1.00
2016.06.08 19:43:57.298,1.06529,1.06549,1.00,1.00
2016.06.08 19:43:57.602,1.06531,1.0655,1.00,1.00
2016.06.08 19:43:57.855,1.06531,1.06553,1.00,1.00
2016.06.08 19:43:58.584,1.06534,1.06556,1.00,1.00
2016.06.08 19:43:58.919,1.06534,1.0655,1.00,1.00
2016.06.08 19:44:01.288,1.06536,1.0655,1.00,1.00
2016.06.08 19:44:01.588,1.06536,1.06553,1.00,1.00
2016.06.08 19:44:04.190,1.06536,1.06556,1.00,1.00
2016.06.08 19:44:04.241,1.06539,1.06556,1.00,1.00
2016.06.08 19:44:04.747,1.06539,1.06557,1.00,1.00
2016.06.08 19:44:05.070,1.06539,1.06555,1.00,1.00
2016.06.08 19:44:07.433,1.06533,1.06553,1.00,1.00
2016.06.08 19:44:08.657,1.06531,1.06553,1.00,1.00
2016.06.08 19:44:16.122,1.06528,1.06553,1.31,1.00
2016.06.08 19:44:16.328,1.06532,1.06553,1.00,1.50
2016.06.08 19:44:18.364,1.06532,1.06557,1.25,1.50
2016.06.08 19:44:23.494,1.06531,1.0656,1.19,1.87
2016.06.08 19:44:26.113,1.06531,1.06559,1.19,1.00
2016.06.08 19:44:26.466,1.06531,1.06556,1.19,1.00
2016.06.08 19:44:29.254,1.06531,1.06555,1.19,1.00
2016.06.08 19:44:30.436,1.06531,1.06552,1.19,1.00
2016.06.08 19:44:30.739,1.06519,1.06538,1.00,1.00
2016.06.08 19:44:30.941,1.06505,1.06533,1.00,1.00
2016.06.08 19:44:30.992,1.06505,1.06535,1.25,2.25
2016.06.08 19:44:31.194,1.06505,1.06535,1.00,1.75
2016.06.08 19:44:31.364,1.06505,1.06538,1.87,1.12
2016.06.08 19:44:31.415,1.06507,1.06538,1.00,1.12
2016.06.08 19:44:31.756,1.06513,1.06543,1.00,1.00
2016.06.08 19:44:32.714,1.06515,1.06545,1.00,1.00
2016.06.08 19:44:35.445,1.06515,1.06543,1.00,1.00
2016.06.08 19:44:35.749,1.0651,1.06538,1.19,1.75
2016.06.08 19:44:36.103,1.06511,1.06541,1.25,1.00
2016.06.08 19:44:36.615,1.06511,1.06542,1.69,1.00
2016.06.08 19:44:37.133,1.06512,1.06542,1.00,1.00
2016.06.08 19:44:37.286,1.06515,1.06544,1.00,1.00
2016.06.08 19:44:38.422,1.06516,1.06546,1.00,1.37
2016.06.08 19:44:38.675,1.06523,1.06553,1.31,1.50
2016.06.08 19:44:38.777,1.06525,1.06553,1.00,1.00
2016.06.08 19:44:39.018,1.06523,1.06553,1.31,1.50
2016.06.08 19:44:39.088,1.06526,1.06553,1.00,1.00
2016.06.08 19:44:39.189,1.06524,1.06553,1.00,1.00
2016.06.08 19:44:39.593,1.06524,1.06553,1.37,1.00
2016.06.08 19:44:39.896,1.06527,1.06553,1.69,1.00
2016.06.08 19:44:43.423,1.06531,1.06553,1.19,1.00
2016.06.08 19:44:43.742,1.06533,1.06553,1.19,1.00
2016.06.08 19:44:44.626,1.06533,1.06551,1.19,1.00
2016.06.08 19:44:44.778,1.06524,1.06549,1.19,1.00
2016.06.08 19:44:45.082,1.06524,1.06551,1.19,1.00
2016.06.08 19:44:45.598,1.06524,1.06552,1.19,1.12
2016.06.08 19:44:45.750,1.06531,1.06555,1.19,1.00
2016.06.08 19:44:46.151,1.06534,1.06555,1.00,1.00
2016.06.08 19:44:46.202,1.06534,1.06557,1.00,1.00
2016.06.08 19:44:48.050,1.06534,1.06557,1.69,1.00
2016.06.08 19:44:48.252,1.06534,1.0656,1.69,1.00
2016.06.08 19:44:49.162,1.0654,1.0656,1.19,1.12
2016.06.08 19:44:49.567,1.0654,1.06563,1.19,1.50
2016.06.08 19:44:50.364,1.06542,1.06564,1.19,1.00
2016.06.08 19:44:50.617,1.06544,1.06566,1.00,1.00
2016.06.08 19:44:50.870,1.06544,1.06564,1.00,1.00
2016.06.08 19:44:52.018,1.06542,1.06564,1.19,1.00
2016.06.08 19:44:52.334,1.06539,1.06564,1.19,1.50
2016.06.08 19:44:52.385,1.06539,1.06561,1.19,1.00
2016.06.08 19:44:52.688,1.06539,1.06561,1.19,1.87
2016.06.08 19:44:52.789,1.06532,1.06557,1.00,1.00
2016.06.08 19:44:53.638,1.06532,1.06558,1.00,1.00
2016.06.08 19:44:53.790,1.06532,1.06559,1.00,2.25
2016.06.08 19:44:54.095,1.06532,1.06558,1.00,1.50
2016.06.08 19:44:54.146,1.06532,1.06558,1.00,1.50
2016.06.08 19:44:54.298,1.06534,1.06558,1.00,1.50
2016.06.08 19:44:54.400,1.06528,1.06559,1.25,2.25
2016.06.08 19:44:54.501,1.06527,1.06555,1.69,1.00
2016.06.08 19:44:54.805,1.06527,1.06552,1.00,1.00
2016.06.08 19:44:55.340,1.06528,1.06554,2.44,1.00
2016.06.08 19:44:55.543,1.06528,1.06556,1.19,1.00
2016.06.08 19:44:55.644,1.06526,1.06556,1.00,1.00
2016.06.08 19:44:56.784,1.06523,1.06554,1.19,1.00
2016.06.08 19:44:57.289,1.06526,1.06556,1.00,1.00
2016.06.08 19:44:59.486,1.0652,1.06546,2.00,1.00
2016.06.08 19:44:59.739,1.06516,1.06547,1.00,1.75
2016.06.08 19:45:00.225,1.06516,1.06547,1.00,1.75
2016.06.08 19:45:01.032,1.06517,1.06547,1.19,2.25
2016.06.08 19:45:07.473,1.06524,1.06547,1.00,2.25
2016.06.08 19:45:13.914,1.06526,1.06547,1.00,2.25
2016.06.08 19:45:16.398,1.06526,1.06546,1.00,1.00
2016.06.08 19:45:20.265,1.06525,1.06547,1.00,1.50
2016.06.08 19:45:22.458,1.06523,1.06547,1.00,2.25
2016.06.08 19:45:27.949,1.06521,1.06547,1.00,2.25
2016.06.08 19:45:28.263,1.06528,1.06547,1.00,1.50
2016.06.08 19:45:28.415,1.06528,1.06552,1.00,1.50
2016.06.08 19:45:28.466,1.0653,1.06553,1.00,1.50
2016.06.08 19:45:28.793,1.0653,1.06548,1.25,1.00
2016.06.08 19:45:28.843,1.0653,1.06553,1.25,1.00
2016.06.08 19:45:29.354,1.0653,1.06554,1.25,1.00
2016.06.08 19:45:30.450,1.0653,1.06554,1.00,1.37
2016.06.08 19:45:30.602,1.06527,1.06553,1.00,1.50
2016.06.08 19:45:33.151,1.06526,1.06551,1.00,1.00
2016.06.08 19:45:33.253,1.06523,1.06551,1.69,1.87
2016.06.08 19:45:33.304,1.0652,1.06548,1.19,1.75
2016.06.08 19:45:41.174,1.06519,1.06549,2.06,1.00
2016.06.08 19:45:41.430,1.06524,1.06549,1.19,1.00
2016.06.08 19:46:00.770,1.06524,1.0655,1.19,1.00
2016.06.08 19:46:00.872,1.06519,1.06548,1.19,1.00
2016.06.08 19:46:00.923,1.06519,1.06548,1.19,1.75
2016.06.08 19:46:01.432,1.06519,1.06548,1.19,1.00
2016.06.08 19:46:01.857,1.06524,1.06548,1.19,1.00
2016.06.08 19:46:04.030,1.06518,1.06543,1.19,1.00
2016.06.08 19:46:04.082,1.06515,1.06541,1.19,1.00
2016.06.08 19:46:04.133,1.06515,1.06541,1.19,1.75
2016.06.08 19:46:04.285,1.06511,1.06542,1.19,2.25
2016.06.08 19:46:05.406,1.0651,1.0654,1.19,1.37
2016.06.08 19:46:05.928,1.0651,1.0654,1.19,1.00
2016.06.08 19:46:22.741,1.06509,1.0654,1.19,1.50
2016.06.08 19:46:24.532,1.06509,1.0654,1.19,1.87
2016.06.08 19:46:29.005,1.06515,1.0654,1.19,1.50
2016.06.08 19:46:29.074,1.06515,1.06541,1.19,1.00
2016.06.08 19:46:32.579,1.06519,1.06541,1.19,1.00
2016.06.08 19:46:32.781,1.06516,1.06541,1.19,1.00
2016.06.08 19:46:33.286,1.06516,1.06544,1.19,1.37
2016.06.08 19:46:42.312,1.06516,1.06542,1.19,1.00
2016.06.08 19:46:43.754,1.06516,1.06544,1.19,1.37
2016.06.08 19:46:50.500,1.06515,1.06543,1.19,1.12
2016.06.08 19:46:54.148,1.06515,1.06542,1.19,1.00
2016.06.08 19:46:54.654,1.06515,1.06543,1.19,1.12
2016.06.08 19:46:57.664,1.06518,1.06543,1.19,1.00
2016.06.08 19:46:57.867,1.06518,1.06545,1.69,1.00
2016.06.08 19:46:57.968,1.06523,1.06545,1.19,1.00
2016.06.08 19:46:59.219,1.06523,1.06545,1.19,1.37
2016.06.08 19:46:59.522,1.06518,1.06545,1.19,2.25
2016.06.08 19:47:00.126,1.06518,1.06545,1.19,1.12
2016.06.08 19:47:04.337,1.06515,1.06545,1.19,2.25
2016.06.08 19:47:04.820,1.0651,1.06534,1.19,1.12
2016.06.08 19:47:04.922,1.06509,1.06534,1.00,1.87
2016.06.08 19:47:05.124,1.06506,1.06535,1.19,1.50
2016.06.08 19:47:10.833,1.06506,1.06535,1.19,1.50
2016.06.08 19:47:27.765,1.06506,1.06533,1.19,1.75
2016.06.08 19:47:28.279,1.06506,1.06533,1.19,2.25
2016.06.08 19:47:34.617,1.06505,1.06533,1.69,1.50
2016.06.08 19:47:44.522,1.06505,1.06533,1.69,1.75
2016.06.08 19:47:46.486,1.06506,1.06533,1.19,1.75
2016.06.08 19:47:56.740,1.06511,1.06533,1.19,1.75
2016.06.08 19:47:56.842,1.06511,1.06533,1.19,1.00
2016.06.08 19:47:58.208,1.06511,1.06535,1.19,1.00
2016.06.08 19:48:01.421,1.06511,1.06533,1.19,1.00
2016.06.08 19:48:01.931,1.06511,1.06534,1.19,1.00
2016.06.08 19:48:02.299,1.06511,1.06537,1.19,1.00
2016.06.08 19:48:02.602,1.06511,1.06534,1.19,1.00
2016.06.08 19:48:02.703,1.06511,1.06536,1.19,1.00
2016.06.08 19:48:03.786,1.06511,1.06535,1.19,1.00
2016.06.08 19:48:04.687,1.06511,1.06537,1.19,1.00
2016.06.08 19:48:05.236,1.06511,1.0654,1.19,1.75
2016.06.08 19:48:12.834,1.06511,1.06539,1.19,1.00
2016.06.08 19:48:13.137,1.06511,1.06536,1.19,1.00
2016.06.08 19:48:15.104,1.06511,1.0654,1.19,1.50
2016.06.08 19:48:18.859,1.06511,1.0654,1.69,1.00
2016.06.08 19:48:19.475,1.06511,1.06541,2.44,1.00
2016.06.08 19:48:25.896,1.06511,1.06542,2.44,1.50
2016.06.08 19:48:27.266,1.06511,1.06542,2.06,1.37
2016.06.08 19:48:27.771,1.06511,1.06541,1.69,1.50
2016.06.08 19:48:29.204,1.06511,1.06541,2.06,1.00
2016.06.08 19:48:38.378,1.06511,1.06541,1.25,1.50
2016.06.08 19:48:39.026,1.06511,1.0654,1.25,1.00
2016.06.08 19:48:44.163,1.06513,1.0654,1.19,1.00
2016.06.08 19:48:44.700,1.06513,1.06541,1.19,1.50
2016.06.08 19:49:00.140,1.06513,1.06538,1.19,1.00
2016.06.08 19:49:01.870,1.06513,1.06539,1.19,1.00
2016.06.08 19:49:02.515,1.06514,1.06539,1.19,1.00
2016.06.08 19:49:16.519,1.06513,1.06539,1.19,1.00
2016.06.08 19:49:19.575,1.06514,1.06539,1.19,1.00
2016.06.08 19:49:21.689,1.06514,1.06537,1.19,1.00
2016.06.08 19:49:21.839,1.06514,1.06539,1.19,1.00
2016.06.08 19:49:26.209,1.06515,1.06534,1.19,1.00
2016.06.08 19:49:26.310,1.06514,1.06542,1.19,2.25
2016.06.08 19:49:26.667,1.06514,1.06542,1.19,2.25
2016.06.08 19:49:27.143,1.06514,1.06542,1.19,1.87
2016.06.08 19:49:32.473,1.06514,1.06538,1.19,1.00
2016.06.08 19:49:34.904,1.0651,1.06536,1.69,1.00
2016.06.08 19:49:45.707,1.0651,1.06537,1.19,1.00
2016.06.08 19:49:48.015,1.0651,1.06541,1.19,3.75
2016.06.08 19:49:52.031,1.0651,1.06537,1.19,1.00
2016.06.08 19:49:52.588,1.06511,1.06537,1.19,1.00
2016.06.08 19:49:53.122,1.06511,1.06536,1.19,1.00
2016.06.08 19:49:53.829,1.06511,1.06537,1.19,1.00
2016.06.08 19:49:53.931,1.0651,1.06534,1.19,1.00
2016.06.08 19:49:53.992,1.0651,1.06536,1.19,1.00
2016.06.08 19:49:54.586,1.0651,1.06536,1.19,1.37
2016.06.08 19:49:56.657,1.0651,1.0653,1.19,2.25
2016.06.08 19:49:56.707,1.065,1.0653,1.25,2.25
2016.06.08 19:49:57.212,1.065,1.06529,1.00,1.50
2016.06.08 19:49:57.746,1.065,1.06525,1.00,1.00
2016.06.08 19:49:58.396,1.065,1.06527,1.00,1.00
2016.06.08 19:50:00.482,1.065,1.06528,1.00,1.00
2016.06.08 19:50:01.407,1.065,1.0653,1.00,2.25
2016.06.08 19:50:01.509,1.065,1.0653,1.00,2.25
2016.06.08 19:50:01.874,1.065,1.06523,1.00,1.00
2016.06.08 19:50:02.945,1.065,1.06522,1.00,1.00
2016.06.08 19:50:03.602,1.065,1.06527,1.00,1.50
2016.06.08 19:50:04.103,1.065,1.06526,1.00,1.00
2016.06.08 19:50:10.510,1.065,1.06527,1.00,1.00
2016.06.08 19:50:12.418,1.065,1.06526,1.00,1.00
2016.06.08 19:50:12.908,1.06498,1.06526,1.00,1.00
2016.06.08 19:50:13.720,1.06498,1.06526,1.00,1.37
2016.06.08 19:50:27.379,1.06498,1.06528,1.00,1.00
2016.06.08 19:50:27.719,1.06503,1.06527,1.00,1.00
2016.06.08 19:50:27.970,1.06503,1.06531,1.00,1.50
2016.06.08 19:50:28.375,1.06505,1.06532,1.00,1.50
2016.06.08 19:50:28.779,1.06505,1.0653,1.00,1.00
2016.06.08 19:50:29.971,1.06508,1.06535,1.19,1.12
2016.06.08 19:50:30.325,1.06514,1.06536,1.19,1.00
2016.06.08 19:50:30.426,1.06511,1.06536,1.69,1.00
2016.06.08 19:50:30.477,1.06511,1.06541,1.69,1.50
2016.06.08 19:50:31.292,1.06512,1.06541,1.25,1.00
2016.06.08 19:50:31.901,1.06511,1.06538,1.00,1.00
2016.06.08 19:50:32.847,1.06517,1.06541,1.69,1.57
2016.06.08 19:50:33.152,1.06526,1.06549,1.00,1.37
2016.06.08 19:50:33.203,1.06526,1.06549,1.00,1.00
2016.06.08 19:50:33.355,1.06526,1.06553,1.00,1.87
2016.06.08 19:50:34.806,1.06523,1.06549,1.00,1.00
2016.06.08 19:50:34.857,1.0652,1.0655,2.06,1.37
2016.06.08 19:50:34.908,1.0652,1.0655,1.69,1.75
2016.06.08 19:50:36.702,1.06525,1.06552,1.19,1.50
2016.06.08 19:50:36.803,1.06522,1.06555,1.00,2.32
2016.06.08 19:50:36.904,1.0652,1.0655,1.25,1.00
2016.06.08 19:50:36.955,1.06519,1.0655,1.31,1.45
2016.06.08 19:50:37.258,1.06517,1.06544,1.19,1.87
2016.06.08 19:50:42.020,1.06517,1.06542,1.19,1.00
2016.06.08 19:50:42.071,1.06515,1.06546,1.69,2.25
2016.06.08 19:50:42.708,1.06515,1.06544,1.19,1.00
2016.06.08 19:50:42.759,1.06513,1.06544,1.00,1.00
2016.06.08 19:50:42.861,1.06513,1.06536,1.00,1.00
2016.06.08 19:50:44.395,1.06513,1.06535,1.00,1.00
2016.06.08 19:50:53.388,1.06513,1.06537,1.00,1.00
2016.06.08 19:50:54.996,1.06514,1.06537,1.00,1.00
2016.06.08 19:50:55.097,1.06514,1.06539,1.00,1.12
2016.06.08 19:50:55.148,1.0652,1.06539,1.00,1.12
2016.06.08 19:50:55.199,1.0652,1.06545,1.00,1.10
2016.06.08 19:50:55.300,1.0652,1.06547,1.25,1.00
2016.06.08 19:50:55.402,1.0652,1.06544,1.25,1.00
2016.06.08 19:50:55.503,1.0652,1.06548,1.25,1.00
2016.06.08 19:50:55.705,1.06519,1.06548,1.19,1.75
2016.06.08 19:50:56.180,1.06518,1.06542,1.00,1.00
2016.06.08 19:50:56.475,1.06515,1.06542,1.00,1.00
2016.06.08 19:50:56.526,1.06515,1.0654,1.00,1.00
2016.06.08 19:50:57.149,1.06518,1.0654,1.19,1.00
2016.06.08 19:50:59.306,1.06518,1.06539,1.19,1.00
2016.06.08 19:50:59.407,1.06518,1.06542,1.19,2.32
2016.06.08 19:50:59.610,1.06518,1.06536,1.19,1.00
2016.06.08 19:51:01.559,1.06513,1.06536,1.19,1.00
2016.06.08 19:51:06.951,1.06513,1.06536,1.19,1.87
2016.06.08 19:51:18.767,1.06513,1.06536,1.19,1.00
2016.06.08 19:51:18.969,1.06518,1.06536,1.19,1.00
2016.06.08 19:51:19.020,1.06518,1.0654,1.19,1.50
2016.06.08 19:51:27.550,1.06522,1.06542,1.19,2.25
2016.06.08 19:51:27.651,1.06517,1.06542,1.19,1.75
2016.06.08 19:51:34.785,1.06517,1.06542,1.19,1.75
2016.06.08 19:51:48.666,1.06517,1.06538,1.19,1.00
2016.06.08 19:51:48.767,1.06513,1.06538,1.19,1.37
2016.06.08 19:51:48.919,1.06513,1.06532,1.19,1.00
2016.06.08 19:51:48.970,1.06504,1.06532,1.19,1.00
2016.06.08 19:51:49.260,1.06504,1.0653,1.19,1.00
2016.06.08 19:51:49.361,1.06504,1.06534,1.69,1.87
2016.06.08 19:51:51.205,1.06504,1.06531,1.69,1.00
2016.06.08 19:52:22.633,1.06504,1.06531,1.19,1.37
2016.06.08 19:52:23.299,1.06504,1.06531,1.19,1.75
2016.06.08 19:52:41.559,1.06502,1.06524,1.00,1.00
2016.06.08 19:52:42.063,1.065,1.06526,1.19,1.50
2016.06.08 19:52:48.727,1.06504,1.06528,1.19,2.25
2016.06.08 19:52:50.425,1.06504,1.06528,1.19,1.00
2016.06.08 19:52:59.728,1.06504,1.06531,1.19,3.00
2016.06.08 19:53:14.856,1.06504,1.06531,1.19,3.00
2016.06.08 19:53:16.561,1.06503,1.06531,1.19,3.00
2016.06.08 19:53:19.521,1.06504,1.06531,1.19,2.25
2016.06.08 19:53:20.147,1.06503,1.06531,1.19,2.25
2016.06.08 19:53:30.164,1.06507,1.06531,1.19,1.87
2016.06.08 19:53:30.268,1.06507,1.06534,1.69,1.00
2016.06.08 19:53:30.520,1.06507,1.06536,1.69,1.00
2016.06.08 19:53:30.571,1.06507,1.06534,1.69,1.00
2016.06.08 19:53:31.198,1.06511,1.06534,1.00,1.00
2016.06.08 19:53:38.159,1.06511,1.06537,1.00,1.12
2016.06.08 19:53:43.883,1.06511,1.06535,1.00,1.00
2016.06.08 19:53:44.418,1.06511,1.06534,1.19,1.00
2016.06.08 19:53:46.160,1.06511,1.06535,1.19,1.00
2016.06.08 19:53:50.448,1.06511,1.06539,1.19,1.00
2016.06.08 19:53:50.751,1.06514,1.0654,1.19,1.12
2016.06.08 19:53:51.757,1.06514,1.06542,1.19,1.00
2016.06.08 19:53:55.047,1.06514,1.06542,1.19,1.37
2016.06.08 19:53:55.351,1.0652,1.0654,1.19,1.00
2016.06.08 19:53:55.654,1.0652,1.06537,1.19,1.50
2016.06.08 19:53:56.775,1.0652,1.06536,1.19,2.25
2016.06.08 19:53:56.927,1.06515,1.06535,1.19,1.75
2016.06.08 19:53:57.823,1.06515,1.06533,1.19,1.00
2016.06.08 19:53:58.168,1.06515,1.06531,1.19,1.00
2016.06.08 19:53:59.162,1.06515,1.06533,1.19,1.00
2016.06.08 19:54:00.665,1.06515,1.06531,1.19,1.00
2016.06.08 19:54:00.867,1.06511,1.0653,1.19,1.37
2016.06.08 19:54:06.133,1.06511,1.06528,1.19,1.00
2016.06.08 19:54:15.696,1.06504,1.06528,1.00,1.00
2016.06.08 19:54:17.639,1.06503,1.06528,1.00,1.00
2016.06.08 19:54:23.999,1.06504,1.06528,1.00,1.00
2016.06.08 19:54:35.541,1.06503,1.06528,1.00,1.00
2016.06.08 19:54:47.083,1.06504,1.06528,1.00,1.12
2016.06.08 19:54:52.384,1.06502,1.06528,1.25,1.12
2016.06.08 19:55:01.673,1.06505,1.0653,1.00,1.50
2016.06.08 19:55:07.294,1.06503,1.0653,1.00,1.50
2016.06.08 19:55:08.147,1.06503,1.06529,1.00,1.00
2016.06.08 19:55:08.349,1.06503,1.06529,1.00,1.75
2016.06.08 19:55:17.396,1.06502,1.06529,1.25,1.75
2016.06.08 19:55:19.533,1.065,1.06526,1.19,1.37
2016.06.08 19:55:23.534,1.06505,1.06527,1.19,1.75
2016.06.08 19:55:42.464,1.06501,1.06525,1.19,1.12
2016.06.08 19:55:53.973,1.06501,1.06527,1.69,1.50
2016.06.08 19:55:54.254,1.06501,1.06527,1.69,2.25
2016.06.08 19:55:59.761,1.06501,1.06527,1.19,1.00
2016.06.08 19:56:01.181,1.06501,1.06527,1.19,1.37
2016.06.08 19:56:07.021,1.06501,1.06522,1.19,1.00
2016.06.08 19:56:07.173,1.06495,1.06518,1.00,1.00
2016.06.08 19:56:07.713,1.06495,1.06515,1.00,1.00
2016.06.08 19:56:07.764,1.06491,1.06515,1.00,1.00
2016.06.08 19:56:08.635,1.06489,1.06511,1.00,1.00
2016.06.08 19:56:14.822,1.06489,1.06513,1.00,1.00
2016.06.08 19:56:26.416,1.06491,1.06513,1.00,1.00
2016.06.08 19:56:32.865,1.06492,1.06513,1.00,1.00
2016.06.08 19:56:37.947,1.0649,1.06513,1.00,1.12
2016.06.08 19:56:43.124,1.06491,1.06513,1.00,1.12
2016.06.08 19:56:48.329,1.06492,1.06513,1.00,1.12
2016.06.08 19:56:56.916,1.06492,1.06509,1.00,1.00
2016.06.08 19:56:57.017,1.06492,1.06512,1.00,1.00
2016.06.08 19:56:57.068,1.06489,1.06511,1.00,1.00
2016.06.08 19:56:57.120,1.06489,1.06509,1.00,1.00
2016.06.08 19:56:57.662,1.06489,1.06513,1.00,1.75
2016.06.08 19:56:57.813,1.06489,1.06513,1.00,1.12
2016.06.08 19:57:02.995,1.06491,1.06513,1.00,1.12
2016.06.08 19:57:13.897,1.0649,1.06513,1.00,1.12
2016.06.08 19:57:14.777,1.0649,1.06513,1.00,1.37
2016.06.08 19:57:25.782,1.06489,1.06512,1.00,1.00
2016.06.08 19:57:26.520,1.0649,1.06512,1.00,1.00
2016.06.08 19:57:30.232,1.0649,1.06513,1.00,1.75
2016.06.08 19:57:31.372,1.06487,1.06511,1.00,1.00
2016.06.08 19:57:36.409,1.06491,1.06511,1.00,1.00
2016.06.08 19:57:36.460,1.06491,1.06516,1.69,2.25
2016.06.08 19:57:36.562,1.06492,1.06516,1.25,1.50
2016.06.08 19:57:37.020,1.06494,1.06511,1.19,1.00
2016.06.08 19:57:37.122,1.06492,1.06511,1.00,1.00
2016.06.08 19:57:37.275,1.0649,1.06511,1.25,1.00
2016.06.08 19:57:37.326,1.0649,1.06514,1.25,1.00
2016.06.08 19:57:42.370,1.06492,1.06514,1.00,1.00
2016.06.08 19:57:43.489,1.06494,1.06514,2.06,1.00
2016.06.08 19:57:43.540,1.06499,1.06525,1.19,1.00
2016.06.08 19:57:43.843,1.06497,1.06525,1.50,1.00
2016.06.08 19:57:44.366,1.06497,1.06524,1.00,1.00
2016.06.08 19:57:50.116,1.06499,1.06524,1.00,1.00
2016.06.08 19:57:55.141,1.06498,1.06524,1.00,1.50
2016.06.08 19:58:00.570,1.06498,1.06523,1.00,1.00
2016.06.08 19:58:01.337,1.06498,1.06524,1.00,1.50
2016.06.08 19:58:03.046,1.06498,1.06525,1.00,1.00
2016.06.08 19:58:12.003,1.06502,1.06525,1.19,1.00
2016.06.08 19:58:12.530,1.06502,1.06528,1.19,1.00
2016.06.08 19:58:13.112,1.06502,1.06529,1.19,1.00
2016.06.08 19:58:13.365,1.06502,1.06527,1.19,1.00
2016.06.08 19:58:13.670,1.06502,1.06525,1.19,1.00
2016.06.08 19:58:13.771,1.06502,1.06528,1.19,1.00
2016.06.08 19:58:19.092,1.06502,1.06529,1.69,1.00
2016.06.08 19:58:22.285,1.06502,1.06526,1.69,1.00
2016.06.08 19:58:22.588,1.06502,1.06524,1.69,1.00
2016.06.08 19:58:23.910,1.06497,1.06521,1.69,1.00
2016.06.08 19:58:24.012,1.06496,1.06519,1.56,1.00
2016.06.08 19:58:24.316,1.06503,1.06528,1.19,2.62
2016.06.08 19:58:24.367,1.06503,1.06528,1.19,1.00
2016.06.08 19:58:25.082,1.06504,1.06528,1.69,1.00
2016.06.08 19:58:25.284,1.06504,1.06532,1.69,1.00
2016.06.08 19:58:25.335,1.06504,1.0653,1.69,1.00
2016.06.08 19:58:26.333,1.06504,1.06529,1.69,1.00
2016.06.08 19:58:26.737,1.06504,1.06532,1.19,1.00
2016.06.08 19:58:28.343,1.06504,1.06531,1.19,1.00
2016.06.08 19:58:29.507,1.06504,1.0653,1.19,1.00
2016.06.08 19:58:30.023,1.06504,1.06531,1.19,1.00
2016.06.08 19:58:30.529,1.06503,1.0653,1.19,1.50
2016.06.08 19:58:34.989,1.06503,1.0653,1.19,1.50
2016.06.08 19:58:35.343,1.06503,1.06524,1.19,1.00
2016.06.08 19:58:35.848,1.06503,1.06525,1.19,1.00
2016.06.08 19:58:36.558,1.065,1.06526,1.25,1.00
2016.06.08 19:58:38.160,1.065,1.06525,1.25,1.00
2016.06.08 19:58:40.175,1.06501,1.06525,1.00,1.00
2016.06.08 19:58:40.698,1.06499,1.06525,1.19,1.00
2016.06.08 19:58:40.997,1.06499,1.06523,1.19,1.00
2016.06.08 19:58:42.942,1.06499,1.06524,1.19,1.00
2016.06.08 19:58:45.117,1.06499,1.06519,1.19,1.00
2016.06.08 19:58:45.169,1.06499,1.06524,1.19,1.50
2016.06.08 19:58:45.270,1.06499,1.06524,1.19,2.25
2016.06.08 19:58:45.984,1.06499,1.06525,1.19,1.00
2016.06.08 19:58:46.035,1.065,1.06523,1.25,1.00
2016.06.08 19:58:51.363,1.06499,1.06522,1.69,1.00
2016.06.08 19:58:54.618,1.06499,1.06522,1.25,1.00
2016.06.08 19:58:54.669,1.06499,1.06526,1.25,1.50
2016.06.08 19:58:55.251,1.06499,1.06521,1.25,1.00
2016.06.08 19:58:55.846,1.06499,1.06522,1.25,1.00
2016.06.08 19:58:57.256,1.06498,1.06521,1.69,1.00
2016.06.08 19:58:59.070,1.065,1.06521,1.00,1.00
2016.06.08 19:59:00.111,1.06498,1.06521,1.69,1.00
2016.06.08 19:59:00.161,1.06498,1.06523,1.19,1.00
2016.06.08 19:59:00.212,1.06493,1.06523,1.69,1.12
2016.06.08 19:59:00.263,1.06493,1.06521,1.19,1.00
2016.06.08 19:59:00.611,1.06492,1.06521,1.00,1.75
2016.06.08 19:59:00.916,1.0649,1.06515,1.69,1.50
2016.06.08 19:59:01.942,1.06494,1.06515,1.19,1.00
2016.06.08 19:59:01.993,1.06494,1.06518,1.19,1.00
2016.06.08 19:59:02.520,1.06494,1.0652,1.19,1.50
2016.06.08 19:59:08.586,1.06496,1.06519,1.19,1.12
2016.06.08 19:59:09.135,1.06496,1.0652,1.19,1.00
2016.06.08 19:59:17.702,1.06496,1.06519,1.19,1.00
2016.06.08 19:59:18.006,1.06496,1.06517,1.19,1.00
2016.06.08 19:59:18.157,1.06492,1.06514,1.69,1.00
2016.06.08 19:59:27.840,1.06492,1.06518,1.69,1.00
2016.06.08 19:59:29.030,1.06492,1.06521,1.69,1.50
2016.06.08 19:59:29.081,1.06495,1.06521,1.00,1.12
2016.06.08 19:59:29.234,1.06498,1.06525,1.25,1.00
2016.06.08 19:59:29.386,1.06503,1.06526,1.19,1.00
2016.06.08 19:59:29.539,1.06503,1.06528,1.19,1.00
2016.06.08 19:59:33.519,1.06503,1.06527,1.19,1.00
2016.06.08 19:59:34.452,1.06503,1.06528,1.19,1.00
2016.06.08 19:59:34.517,1.06506,1.06528,1.19,1.00
2016.06.08 19:59:35.051,1.06506,1.06529,1.19,1.12
2016.06.08 19:59:39.721,1.06506,1.06527,1.19,1.00
2016.06.08 19:59:40.025,1.06506,1.06525,1.19,1.00
2016.06.08 19:59:41.529,1.06506,1.06526,1.19,1.00
2016.06.08 19:59:41.837,1.06506,1.06523,1.19,1.00
2016.06.08 19:59:41.938,1.06506,1.06527,1.19,1.00
2016.06.08 19:59:42.625,1.06506,1.06528,1.19,1.00
2016.06.08 19:59:44.333,1.06506,1.06526,1.19,1.00
2016.06.08 19:59:44.943,1.06506,1.06527,1.19,1.00
2016.06.08 19:59:45.564,1.06506,1.06525,1.19,1.00
2016.06.08 19:59:47.269,1.06506,1.06528,1.19,1.00
2016.06.08 19:59:48.471,1.06506,1.06525,1.19,1.00
2016.06.08 19:59:49.944,1.06506,1.06527,1.19,1.00
2016.06.08 19:59:52.555,1.06506,1.0653,1.19,1.12
2016.06.08 19:59:53.146,1.06507,1.0653,1.19,1.12
2016.06.08 19:59:53.803,1.06507,1.06529,1.19,1.00
2016.06.08 19:59:53.854,1.06507,1.06526,1.19,1.37
2016.06.08 19:59:53.905,1.06498,1.06526,1.00,1.75
2016.06.08 19:59:53.956,1.06497,1.06518,1.25,1.00
2016.06.08 19:59:54.209,1.06498,1.06523,1.19,1.00
2016.06.08 19:59:54.549,1.06498,1.06519,1.19,1.00
2016.06.08 19:59:54.783,1.06497,1.06519,1.00,1.00
2016.06.08 19:59:55.313,1.06497,1.0652,1.00,1.00
2016.06.08 19:59:55.588,1.06497,1.06523,1.00,1.00
2016.06.08 19:59:56.753,1.06497,1.06522,1.00,1.00
2016.06.08 19:59:57.276,1.06497,1.06523,1.00,1.00
2016.06.08 19:59:57.936,1.06497,1.06522,1.00,1.00
2016.06.08 19:59:58.472,1.06497,1.06521,1.00,1.00
2016.06.08 19:59:58.555,1.06497,1.06526,1.00,2.25
2016.06.08 19:59:58.954,1.06502,1.06525,1.19,1.37
2016.06.08 19:59:59.168,1.06502,1.06526,1.19,1.12
2016.06.08 19:59:59.472,1.06502,1.06528,1.19,1.37
