2011.10.20 11:00:00.191,1.28725,1.28773,1.88,1.50
2011.10.20 11:00:00.663,1.28725,1.28763,1.13,1.88
2011.10.20 11:00:01.132,1.28725,1.28763,1.13,2.63
2011.10.20 11:00:01.486,1.28724,1.28763,1.13,2.63
2011.10.20 11:00:02.204,1.28724,1.28763,1.88,1.88
2011.10.20 11:00:04.161,1.28724,1.28763,1.13,2.63
2011.10.20 11:00:05.763,1.28725,1.28763,1.13,1.88
2011.10.20 11:00:06.404,1.28717,1.28763,3.38,1.88
2011.10.20 11:00:12.305,1.28724,1.28763,1.50,2.63
2011.10.20 11:00:14.924,1.28719,1.28763,1.50,2.63
2011.10.20 11:00:17.503,1.28719,1.28763,1.50,1.88
2011.10.20 11:00:17.871,1.28744,1.28782,1.50,1.13
2011.10.20 11:00:18.232,1.28744,1.28782,1.50,1.13
2011.10.20 11:00:20.256,1.28744,1.28782,1.50,1.13
2011.10.20 11:00:22.871,1.28744,1.28782,1.50,1.13
2011.10.20 11:00:24.410,1.28744,1.28782,1.50,1.13
2011.10.20 11:00:26.626,1.28732,1.28778,1.50,1.50
2011.10.20 11:00:26.751,1.28729,1.28773,2.25,2.63
2011.10.20 11:00:33.064,1.28726,1.28769,1.13,1.50
2011.10.20 11:00:33.293,1.28726,1.2877,1.13,1.50
2011.10.20 11:00:33.532,1.28726,1.28769,1.13,1.50
2011.10.20 11:00:33.764,1.28726,1.2877,1.13,1.50
2011.10.20 11:00:34.366,1.28725,1.2877,1.88,1.50
2011.10.20 11:00:34.906,1.28724,1.28763,1.13,1.88
2011.10.20 11:00:35.412,1.28724,1.28763,1.13,1.88
2011.10.20 11:00:35.954,1.28721,1.28763,1.50,1.88
2011.10.20 11:00:36.517,1.28729,1.28763,1.50,1.88
2011.10.20 11:00:37.476,1.2872,1.28763,2.25,1.88
2011.10.20 11:00:37.703,1.28722,1.28763,1.50,1.88
2011.10.20 11:00:38.894,1.2872,1.28763,2.25,1.88
2011.10.20 11:00:39.123,1.28717,1.28763,2.25,1.88
2011.10.20 11:00:39.243,1.28717,1.28753,1.13,1.88
2011.10.20 11:00:40.298,1.28717,1.28764,1.13,2.63
2011.10.20 11:00:40.845,1.28717,1.28763,1.50,1.88
2011.10.20 11:00:41.373,1.28717,1.28764,1.13,2.63
2011.10.20 11:00:42.021,1.28717,1.28764,1.13,2.63
2011.10.20 11:00:44.451,1.28718,1.28768,1.50,2.25
2011.10.20 11:00:45.126,1.28728,1.28773,1.50,2.63
2011.10.20 11:00:45.253,1.28719,1.28765,1.50,1.13
2011.10.20 11:00:45.842,1.28722,1.28764,1.50,1.13
2011.10.20 11:00:47.664,1.28722,1.28763,1.50,1.88
2011.10.20 11:00:47.783,1.28717,1.28758,1.88,1.50
2011.10.20 11:00:47.902,1.28718,1.28758,1.13,1.50
2011.10.20 11:00:48.307,1.28717,1.28753,1.13,1.88
2011.10.20 11:00:48.663,1.28717,1.28753,1.13,1.88
2011.10.20 11:00:51.112,1.28718,1.28753,1.13,1.88
2011.10.20 11:00:51.800,1.28717,1.28752,1.13,1.50
2011.10.20 11:00:52.268,1.28717,1.2875,1.13,1.50
2011.10.20 11:00:52.645,1.28718,1.28744,1.88,1.88
2011.10.20 11:00:53.201,1.28717,1.28744,1.13,1.88
2011.10.20 11:00:53.797,1.28717,1.28744,1.13,2.63
2011.10.20 11:00:54.168,1.28717,1.28744,1.13,1.88
2011.10.20 11:00:54.762,1.28717,1.28744,1.13,1.88
2011.10.20 11:00:55.807,1.28717,1.28744,1.13,1.88
2011.10.20 11:00:56.781,1.28702,1.28744,1.88,1.88
2011.10.20 11:00:57.303,1.28702,1.28744,1.88,1.88
2011.10.20 11:00:57.770,1.28702,1.28744,1.88,1.88
2011.10.20 11:00:59.739,1.28702,1.28744,1.88,1.88
2011.10.20 11:01:00.683,1.28702,1.28752,1.88,1.50
2011.10.20 11:01:00.914,1.28704,1.28754,1.50,3.38
2011.10.20 11:01:01.033,1.28704,1.28754,1.50,2.63
2011.10.20 11:01:01.153,1.28703,1.28754,2.25,2.63
2011.10.20 11:01:01.271,1.28703,1.28744,1.50,1.88
2011.10.20 11:01:05.821,1.28704,1.28744,1.13,1.88
2011.10.20 11:01:09.064,1.28707,1.28753,1.13,1.88
2011.10.20 11:01:09.711,1.2871,1.28754,1.50,2.63
2011.10.20 11:01:11.339,1.28707,1.28754,1.13,2.63
2011.10.20 11:01:11.464,1.28706,1.28754,1.88,2.63
2011.10.20 11:01:11.815,1.28711,1.28754,1.50,2.63
2011.10.20 11:01:13.102,1.28708,1.28754,1.50,2.63
2011.10.20 11:01:15.435,1.28707,1.28754,1.50,3.38
2011.10.20 11:01:15.560,1.28706,1.28753,1.13,1.50
2011.10.20 11:01:16.155,1.28702,1.28744,1.50,1.88
2011.10.20 11:01:19.320,1.28702,1.28744,1.50,1.88
2011.10.20 11:01:20.229,1.28702,1.28754,1.50,3.38
2011.10.20 11:01:20.885,1.28707,1.28754,2.25,1.88
2011.10.20 11:01:25.951,1.28707,1.28754,2.25,1.88
2011.10.20 11:01:26.401,1.28709,1.28754,1.50,1.88
2011.10.20 11:01:26.631,1.28705,1.28754,1.88,1.88
2011.10.20 11:01:26.753,1.28704,1.28754,1.13,1.88
2011.10.20 11:01:27.869,1.2871,1.28759,1.50,2.25
2011.10.20 11:01:30.853,1.28711,1.28758,1.50,1.50
2011.10.20 11:01:31.698,1.28711,1.28759,1.50,1.50
2011.10.20 11:01:32.042,1.28725,1.28764,1.50,1.50
2011.10.20 11:01:35.719,1.28725,1.28764,1.50,1.50
2011.10.20 11:01:36.185,1.28725,1.28764,1.50,1.88
2011.10.20 11:01:38.506,1.28725,1.28764,1.50,1.88
2011.10.20 11:01:38.685,1.28725,1.28764,1.50,1.13
2011.10.20 11:01:40.724,1.28725,1.28773,1.50,3.38
2011.10.20 11:01:40.843,1.28719,1.28766,1.13,1.50
2011.10.20 11:01:40.961,1.28722,1.28764,1.13,1.88
2011.10.20 11:01:45.932,1.2872,1.28764,1.13,2.63
2011.10.20 11:01:48.414,1.2872,1.28764,1.13,2.63
2011.10.20 11:01:51.338,1.28721,1.28764,1.50,2.63
2011.10.20 11:01:52.241,1.28723,1.28764,1.50,2.63
2011.10.20 11:02:01.559,1.28726,1.28773,1.50,3.38
2011.10.20 11:02:01.899,1.28724,1.28773,1.50,3.38
2011.10.20 11:02:07.027,1.28726,1.28773,1.50,3.38
2011.10.20 11:02:11.801,1.28725,1.28773,1.50,1.50
2011.10.20 11:02:15.647,1.28731,1.28773,1.50,1.50
2011.10.20 11:02:16.002,1.28729,1.28773,1.50,1.50
2011.10.20 11:02:16.122,1.28728,1.28773,1.13,1.50
2011.10.20 11:02:22.629,1.28728,1.28773,1.13,3.38
2011.10.20 11:02:24.951,1.28728,1.28773,1.88,3.38
2011.10.20 11:02:25.072,1.28731,1.28773,1.50,3.38
2011.10.20 11:02:28.912,1.28743,1.28774,1.50,1.50
2011.10.20 11:02:29.722,1.28743,1.28773,1.50,1.50
2011.10.20 11:02:29.842,1.28736,1.28773,1.50,1.50
2011.10.20 11:02:29.963,1.28737,1.28775,1.50,1.50
2011.10.20 11:02:30.082,1.28743,1.28775,1.50,1.50
2011.10.20 11:02:32.751,1.28737,1.28775,2.25,1.50
2011.10.20 11:02:33.775,1.28737,1.28773,1.50,1.50
2011.10.20 11:02:33.896,1.28732,1.28773,1.50,1.50
2011.10.20 11:02:34.012,1.28732,1.28775,1.50,1.50
2011.10.20 11:02:34.360,1.28731,1.28773,1.50,1.50
2011.10.20 11:02:37.791,1.28731,1.28773,1.50,1.50
2011.10.20 11:02:38.993,1.28731,1.28773,1.50,1.50
2011.10.20 11:02:40.280,1.28731,1.28773,1.50,1.50
2011.10.20 11:02:40.632,1.28732,1.28775,1.50,1.50
2011.10.20 11:02:42.516,1.28731,1.28773,1.50,1.50
2011.10.20 11:02:42.638,1.28729,1.28773,1.13,2.25
2011.10.20 11:02:43.227,1.28729,1.28773,1.88,1.50
2011.10.20 11:02:47.392,1.28733,1.28773,1.50,1.50
2011.10.20 11:02:49.611,1.28732,1.28773,1.13,1.50
2011.10.20 11:02:54.311,1.28732,1.28773,1.13,1.50
2011.10.20 11:02:54.666,1.28734,1.28773,1.50,1.50
2011.10.20 11:02:57.361,1.28734,1.28784,1.50,1.50
2011.10.20 11:03:03.235,1.28742,1.28791,1.50,1.50
2011.10.20 11:03:05.762,1.28742,1.28791,1.50,1.50
2011.10.20 11:03:07.891,1.28742,1.28777,1.50,1.50
2011.10.20 11:03:08.485,1.28742,1.28777,1.50,1.50
2011.10.20 11:03:12.595,1.2875,1.28796,1.50,1.50
2011.10.20 11:03:12.952,1.28756,1.28796,1.13,1.50
2011.10.20 11:03:13.537,1.28759,1.28796,1.13,1.50
2011.10.20 11:03:14.001,1.28759,1.28795,1.13,1.50
2011.10.20 11:03:14.232,1.28759,1.28795,1.13,1.50
2011.10.20 11:03:14.931,1.28759,1.28797,1.88,1.50
2011.10.20 11:03:15.504,1.2876,1.28799,1.50,1.50
2011.10.20 11:03:15.966,1.2876,1.28799,1.50,1.50
2011.10.20 11:03:16.314,1.28758,1.28804,1.13,1.50
2011.10.20 11:03:16.677,1.2876,1.28806,1.50,1.50
2011.10.20 11:03:17.177,1.2876,1.28806,1.50,1.50
2011.10.20 11:03:17.310,1.2876,1.28806,1.50,1.50
2011.10.20 11:03:24.483,1.28779,1.28809,1.50,1.50
2011.10.20 11:03:25.042,1.28777,1.28806,1.13,1.50
2011.10.20 11:03:25.163,1.28771,1.28806,1.50,1.50
2011.10.20 11:03:25.614,1.28767,1.28806,2.63,1.50
2011.10.20 11:03:25.732,1.28767,1.28806,2.63,1.50
2011.10.20 11:03:25.963,1.28767,1.28806,3.38,1.50
2011.10.20 11:03:26.521,1.28767,1.28804,1.13,1.50
2011.10.20 11:03:26.875,1.28769,1.28804,1.13,1.50
2011.10.20 11:03:38.436,1.28773,1.28804,1.50,1.50
2011.10.20 11:03:39.008,1.28773,1.28808,1.50,1.50
2011.10.20 11:03:50.816,1.28771,1.28801,1.13,1.50
2011.10.20 11:03:51.167,1.28771,1.28819,3.76,2.25
2011.10.20 11:03:51.292,1.28771,1.28819,3.01,2.25
2011.10.20 11:03:52.446,1.28771,1.28819,1.13,2.25
2011.10.20 11:03:56.171,1.28773,1.28813,1.13,2.63
2011.10.20 11:03:57.551,1.28773,1.28813,1.13,2.63
2011.10.20 11:03:58.336,1.28769,1.2881,3.01,1.50
2011.10.20 11:03:58.474,1.28768,1.2881,1.13,1.50
2011.10.20 11:04:08.715,1.28767,1.2881,1.13,1.50
2011.10.20 11:04:11.002,1.28767,1.28803,1.13,2.63
2011.10.20 11:04:11.563,1.28766,1.2881,1.13,1.50
2011.10.20 11:04:12.150,1.28766,1.2881,1.13,1.50
2011.10.20 11:04:12.508,1.28766,1.288,1.13,1.50
2011.10.20 11:04:12.875,1.28762,1.28799,1.13,1.50
2011.10.20 11:04:12.997,1.28761,1.28799,2.26,1.50
2011.10.20 11:04:13.244,1.28767,1.28792,1.13,1.50
2011.10.20 11:04:16.203,1.28756,1.28793,1.50,2.63
2011.10.20 11:04:19.240,1.28753,1.28792,1.50,1.50
2011.10.20 11:04:19.858,1.28752,1.28783,1.13,1.88
2011.10.20 11:04:20.368,1.28752,1.28783,1.13,2.63
2011.10.20 11:04:21.501,1.28752,1.28783,1.13,2.63
2011.10.20 11:04:24.044,1.28752,1.28783,1.88,2.63
2011.10.20 11:04:25.039,1.28752,1.28783,1.13,2.63
2011.10.20 11:04:25.161,1.28752,1.28783,1.13,2.63
2011.10.20 11:04:25.963,1.28746,1.28783,1.50,2.63
2011.10.20 11:04:26.207,1.28744,1.28783,1.50,2.63
2011.10.20 11:04:27.098,1.28744,1.28783,2.25,2.63
2011.10.20 11:04:27.439,1.28744,1.28783,1.50,2.63
2011.10.20 11:04:28.019,1.28744,1.28771,1.50,1.50
2011.10.20 11:04:28.379,1.28735,1.28763,1.50,1.88
2011.10.20 11:04:28.505,1.28731,1.28763,1.50,1.88
2011.10.20 11:04:28.626,1.28736,1.28773,1.50,2.63
2011.10.20 11:04:30.226,1.28738,1.28783,1.50,2.63
2011.10.20 11:04:30.925,1.28738,1.28774,1.50,1.88
2011.10.20 11:04:31.044,1.28736,1.28774,1.50,2.63
2011.10.20 11:04:31.502,1.28731,1.28774,1.13,2.63
2011.10.20 11:04:31.743,1.28729,1.28773,1.13,2.63
2011.10.20 11:04:32.094,1.2874,1.28774,1.50,1.88
2011.10.20 11:04:32.498,1.28729,1.28767,1.13,1.13
2011.10.20 11:04:33.258,1.28738,1.28767,1.50,1.13
2011.10.20 11:04:33.386,1.28739,1.28774,1.50,1.88
2011.10.20 11:04:33.857,1.28732,1.28773,1.50,2.63
2011.10.20 11:04:33.989,1.2873,1.28773,1.13,2.63
2011.10.20 11:04:34.348,1.28727,1.28763,1.13,1.13
2011.10.20 11:04:34.883,1.28727,1.28771,1.50,1.50
2011.10.20 11:04:35.238,1.2873,1.28771,1.13,1.50
2011.10.20 11:04:35.484,1.2873,1.28771,2.25,1.50
2011.10.20 11:04:35.935,1.28742,1.28785,1.13,1.50
2011.10.20 11:04:36.501,1.28738,1.28785,1.50,1.50
2011.10.20 11:04:37.866,1.28746,1.28784,3.38,1.50
2011.10.20 11:04:37.997,1.28746,1.28779,3.38,1.50
2011.10.20 11:04:38.128,1.28746,1.28779,1.50,1.50
2011.10.20 11:04:38.732,1.28737,1.28772,1.13,1.50
2011.10.20 11:04:39.086,1.28735,1.28777,1.50,1.50
2011.10.20 11:04:39.772,1.28736,1.28779,2.63,1.50
2011.10.20 11:04:41.663,1.28736,1.28781,2.63,1.50
2011.10.20 11:04:42.177,1.28747,1.28775,1.13,1.50
2011.10.20 11:04:47.995,1.28739,1.28781,1.50,1.50
2011.10.20 11:04:52.283,1.28746,1.28783,2.25,1.50
2011.10.20 11:04:52.875,1.28746,1.28785,2.25,1.50
2011.10.20 11:04:52.995,1.2874,1.28777,1.50,1.50
2011.10.20 11:04:53.540,1.2874,1.2878,1.50,1.50
2011.10.20 11:04:54.000,1.28739,1.28776,1.50,1.50
2011.10.20 11:04:54.697,1.28746,1.28786,2.25,1.50
2011.10.20 11:04:55.210,1.28746,1.28786,2.25,1.50
2011.10.20 11:04:56.519,1.28748,1.28786,1.13,1.50
2011.10.20 11:04:56.765,1.28747,1.28786,1.13,1.50
2011.10.20 11:04:57.110,1.28748,1.28786,1.13,1.50
2011.10.20 11:04:57.561,1.28748,1.28786,1.13,1.50
2011.10.20 11:04:57.901,1.28748,1.28786,1.13,1.50
2011.10.20 11:04:58.775,1.28748,1.28786,1.13,1.50
2011.10.20 11:04:59.010,1.28748,1.28783,1.13,1.50
2011.10.20 11:04:59.544,1.28748,1.28782,1.13,1.50
2011.10.20 11:05:00.109,1.28748,1.28782,1.13,1.50
2011.10.20 11:05:00.700,1.28748,1.28785,1.13,1.50
2011.10.20 11:05:01.043,1.28748,1.28782,1.13,1.50
2011.10.20 11:05:02.686,1.28746,1.28782,2.63,1.50
2011.10.20 11:05:02.801,1.28746,1.28787,1.88,1.50
2011.10.20 11:05:03.432,1.28737,1.28779,2.63,1.50
2011.10.20 11:05:03.565,1.28748,1.28793,1.13,2.63
2011.10.20 11:05:04.273,1.28748,1.28793,1.13,2.63
2011.10.20 11:05:04.520,1.28748,1.28785,1.13,1.50
2011.10.20 11:05:04.885,1.28748,1.2878,1.13,1.13
2011.10.20 11:05:05.126,1.28748,1.28783,1.13,2.63
2011.10.20 11:05:05.662,1.28748,1.28782,1.13,1.13
2011.10.20 11:05:06.234,1.28751,1.28789,1.50,1.50
2011.10.20 11:05:06.586,1.2875,1.28789,1.50,1.50
2011.10.20 11:05:06.937,1.28747,1.28789,2.25,1.50
2011.10.20 11:05:07.518,1.28749,1.28789,2.25,1.50
2011.10.20 11:05:08.261,1.28751,1.28792,1.50,1.50
2011.10.20 11:05:09.004,1.2875,1.28789,1.50,1.50
2011.10.20 11:05:09.233,1.28749,1.28789,1.88,1.50
2011.10.20 11:05:09.473,1.28747,1.28789,2.25,1.50
2011.10.20 11:05:12.760,1.28748,1.28788,1.13,1.50
2011.10.20 11:05:12.881,1.2875,1.28788,1.50,1.50
2011.10.20 11:05:13.525,1.28752,1.28793,1.50,2.63
2011.10.20 11:05:14.996,1.28757,1.28793,1.50,2.63
2011.10.20 11:05:15.363,1.28759,1.28793,1.50,2.63
2011.10.20 11:05:17.437,1.28759,1.28801,1.50,1.50
2011.10.20 11:05:18.945,1.28759,1.28801,1.50,1.50
2011.10.20 11:05:19.504,1.28759,1.28801,1.50,1.50
2011.10.20 11:05:23.292,1.28758,1.28798,1.50,1.88
2011.10.20 11:05:23.426,1.28753,1.28784,1.13,1.13
2011.10.20 11:05:24.158,1.28749,1.28784,1.13,1.13
2011.10.20 11:05:26.893,1.28751,1.28791,1.13,1.13
2011.10.20 11:05:27.427,1.28751,1.28784,1.13,1.88
2011.10.20 11:05:28.134,1.28751,1.28784,1.13,1.88
2011.10.20 11:05:28.703,1.28747,1.28782,1.50,1.13
2011.10.20 11:05:29.370,1.28746,1.28775,1.50,1.50
2011.10.20 11:05:30.047,1.28746,1.28775,1.50,1.50
2011.10.20 11:05:31.045,1.28746,1.28773,1.50,2.63
2011.10.20 11:05:31.284,1.28744,1.28774,1.50,1.13
2011.10.20 11:05:31.997,1.28743,1.28766,1.50,1.50
2011.10.20 11:05:32.367,1.28732,1.28757,1.13,1.50
2011.10.20 11:05:32.607,1.28722,1.28757,1.50,1.50
2011.10.20 11:05:33.452,1.28721,1.28757,1.50,1.50
2011.10.20 11:05:33.571,1.28721,1.28758,1.50,1.50
2011.10.20 11:05:33.804,1.28722,1.28764,1.13,2.48
2011.10.20 11:05:33.923,1.28724,1.28769,1.13,1.50
2011.10.20 11:05:34.368,1.28722,1.2877,1.88,1.88
2011.10.20 11:05:34.737,1.28724,1.28762,1.13,1.50
2011.10.20 11:05:35.474,1.28722,1.28762,1.13,1.50
2011.10.20 11:05:35.975,1.28724,1.28762,1.13,1.50
2011.10.20 11:05:36.314,1.28724,1.28762,1.88,1.50
2011.10.20 11:05:37.051,1.28724,1.28762,1.88,1.50
2011.10.20 11:05:38.540,1.28724,1.28762,1.13,1.50
2011.10.20 11:05:39.132,1.28724,1.28762,1.88,1.50
2011.10.20 11:05:39.250,1.28724,1.28762,1.13,1.50
2011.10.20 11:05:41.310,1.28724,1.28762,1.13,1.50
2011.10.20 11:05:41.430,1.28724,1.28763,1.13,1.50
2011.10.20 11:05:41.970,1.28724,1.28763,1.13,1.50
2011.10.20 11:05:42.635,1.28724,1.28762,1.13,1.50
2011.10.20 11:05:43.433,1.28724,1.28762,1.13,1.50
2011.10.20 11:05:43.983,1.28724,1.28762,1.13,1.50
2011.10.20 11:05:44.514,1.28724,1.28759,1.13,1.50
2011.10.20 11:05:44.871,1.28724,1.28753,1.13,1.88
2011.10.20 11:05:46.035,1.28722,1.28753,1.13,1.88
2011.10.20 11:05:46.266,1.28722,1.28753,1.13,1.88
2011.10.20 11:05:46.615,1.28722,1.28752,1.13,1.50
2011.10.20 11:05:46.857,1.28722,1.28756,1.13,1.13
2011.10.20 11:05:47.401,1.28738,1.28764,1.50,1.88
2011.10.20 11:05:47.526,1.28738,1.28773,1.50,1.50
2011.10.20 11:05:47.765,1.28741,1.28777,1.50,1.50
2011.10.20 11:05:48.115,1.2875,1.28792,1.50,1.50
2011.10.20 11:05:48.462,1.28747,1.28787,3.38,1.50
2011.10.20 11:05:49.026,1.28754,1.28792,1.50,1.50
2011.10.20 11:05:49.629,1.28752,1.28784,1.50,2.63
2011.10.20 11:05:50.124,1.28722,1.28767,1.50,1.50
2011.10.20 11:05:50.363,1.28743,1.28783,1.50,1.50
2011.10.20 11:05:52.281,1.28743,1.28782,1.50,1.50
2011.10.20 11:05:54.765,1.28731,1.28773,2.25,1.50
2011.10.20 11:05:54.996,1.28741,1.28763,1.50,1.88
2011.10.20 11:05:55.353,1.28735,1.28763,2.25,1.88
2011.10.20 11:05:55.967,1.28733,1.28763,1.50,1.88
2011.10.20 11:05:59.584,1.28727,1.28763,1.50,1.88
2011.10.20 11:05:59.826,1.28726,1.28754,1.50,1.88
2011.10.20 11:05:59.944,1.28722,1.28754,1.13,1.88
2011.10.20 11:06:00.518,1.28722,1.28764,1.13,3.38
2011.10.20 11:06:00.647,1.28724,1.28764,1.50,3.38
2011.10.20 11:06:00.774,1.28724,1.28765,1.50,1.50
2011.10.20 11:06:01.371,1.28726,1.28765,1.88,1.50
2011.10.20 11:06:02.536,1.28726,1.28764,1.88,1.50
2011.10.20 11:06:02.786,1.28729,1.28767,1.50,1.50
2011.10.20 11:06:03.149,1.28737,1.28772,1.50,1.50
2011.10.20 11:06:03.282,1.28727,1.28765,1.50,1.50
2011.10.20 11:06:04.760,1.28723,1.28744,1.50,1.88
2011.10.20 11:06:04.895,1.28737,1.28744,1.50,1.50
2011.10.20 11:06:05.489,1.28738,1.28753,1.50,2.63
2011.10.20 11:06:05.737,1.28728,1.28753,1.50,2.63
2011.10.20 11:06:06.109,1.28741,1.28773,1.50,2.63
2011.10.20 11:06:06.362,1.28734,1.28779,1.50,1.50
2011.10.20 11:06:07.254,1.28736,1.28777,2.63,1.50
2011.10.20 11:06:07.374,1.28736,1.28777,2.63,1.50
2011.10.20 11:06:07.956,1.28736,1.28775,1.88,1.50
2011.10.20 11:06:09.063,1.28736,1.28774,1.88,1.50
2011.10.20 11:06:09.755,1.28736,1.28776,2.63,1.50
2011.10.20 11:06:10.094,1.28746,1.28776,1.88,1.50
2011.10.20 11:06:10.679,1.28746,1.28791,1.88,1.50
2011.10.20 11:06:11.352,1.28746,1.28791,1.88,1.50
2011.10.20 11:06:12.048,1.28746,1.28791,1.88,1.50
2011.10.20 11:06:12.792,1.28746,1.28791,1.88,1.50
2011.10.20 11:06:20.466,1.28747,1.28791,1.13,1.50
2011.10.20 11:06:20.804,1.28747,1.28791,1.88,1.50
2011.10.20 11:06:21.044,1.28747,1.28791,1.88,1.50
2011.10.20 11:06:26.051,1.28747,1.28783,1.88,1.50
2011.10.20 11:06:26.393,1.28753,1.28787,1.13,1.50
2011.10.20 11:06:27.216,1.28751,1.28785,1.50,1.50
2011.10.20 11:06:27.339,1.28746,1.28785,2.63,1.50
2011.10.20 11:06:27.906,1.28749,1.28784,1.50,1.50
2011.10.20 11:06:28.773,1.28749,1.28788,1.50,1.50
2011.10.20 11:06:29.124,1.28757,1.28784,1.88,1.50
2011.10.20 11:06:29.474,1.28756,1.2879,1.88,1.50
2011.10.20 11:06:30.041,1.28767,1.28789,1.88,1.50
2011.10.20 11:06:32.252,1.28757,1.2879,1.88,1.50
2011.10.20 11:06:33.221,1.28756,1.28785,1.88,1.50
2011.10.20 11:06:33.873,1.28756,1.28792,1.88,1.50
2011.10.20 11:06:34.015,1.28756,1.28792,1.88,1.50
2011.10.20 11:06:34.713,1.28746,1.28792,1.88,1.50
2011.10.20 11:06:37.115,1.28746,1.28785,1.88,1.50
2011.10.20 11:06:37.817,1.28746,1.28783,1.88,1.50
2011.10.20 11:06:38.809,1.28746,1.28791,1.88,1.50
2011.10.20 11:06:39.053,1.28756,1.28791,1.88,1.50
2011.10.20 11:06:39.421,1.28756,1.28791,1.88,1.50
2011.10.20 11:06:47.117,1.28747,1.2879,2.63,1.50
2011.10.20 11:06:47.245,1.28747,1.2879,1.88,1.50
2011.10.20 11:06:48.066,1.28746,1.2879,1.88,1.50
2011.10.20 11:06:48.193,1.28746,1.2879,1.88,1.50
2011.10.20 11:06:48.310,1.28756,1.2879,1.88,1.50
2011.10.20 11:06:48.776,1.28756,1.28798,1.88,1.50
2011.10.20 11:06:53.055,1.28756,1.28802,3.38,1.13
2011.10.20 11:06:53.598,1.28756,1.28802,3.38,1.13
2011.10.20 11:06:54.066,1.28756,1.28802,1.88,1.13
2011.10.20 11:06:54.986,1.28756,1.28791,1.88,1.50
2011.10.20 11:06:55.877,1.28747,1.28784,1.88,1.50
2011.10.20 11:06:58.851,1.28747,1.28786,1.88,1.50
2011.10.20 11:06:59.099,1.28746,1.2879,1.50,1.50
2011.10.20 11:06:59.464,1.28737,1.28774,1.50,1.50
2011.10.20 11:07:01.021,1.28737,1.28774,1.50,3.38
2011.10.20 11:07:01.655,1.28736,1.28776,4.13,2.25
2011.10.20 11:07:01.884,1.28737,1.28774,1.50,1.50
2011.10.20 11:07:04.003,1.28736,1.28767,3.38,1.50
2011.10.20 11:07:04.345,1.28732,1.28766,1.13,1.50
2011.10.20 11:07:04.571,1.28732,1.28767,1.13,1.50
2011.10.20 11:07:06.274,1.28726,1.28766,2.63,1.50
2011.10.20 11:07:07.826,1.28727,1.28765,1.13,1.50
2011.10.20 11:07:08.184,1.28716,1.28759,4.13,1.50
2011.10.20 11:07:08.975,1.28716,1.28749,3.38,1.50
2011.10.20 11:07:09.098,1.28712,1.28745,1.13,1.50
2011.10.20 11:07:09.227,1.28707,1.28745,2.63,1.50
2011.10.20 11:07:09.353,1.28713,1.28749,1.13,1.50
2011.10.20 11:07:09.476,1.28716,1.28756,2.63,1.50
2011.10.20 11:07:09.592,1.28716,1.28758,2.63,1.50
2011.10.20 11:07:11.081,1.28716,1.2876,2.63,1.50
2011.10.20 11:07:11.424,1.28716,1.28763,2.63,1.50
2011.10.20 11:07:12.878,1.28726,1.28763,1.88,1.50
2011.10.20 11:07:13.008,1.28726,1.2877,2.63,1.50
2011.10.20 11:07:13.500,1.28726,1.28767,2.63,2.25
2011.10.20 11:07:13.624,1.28714,1.28759,1.50,2.25
2011.10.20 11:07:13.741,1.28712,1.28754,1.13,2.63
2011.10.20 11:07:14.614,1.28712,1.28752,1.13,1.50
2011.10.20 11:07:14.842,1.2871,1.28752,1.13,1.50
2011.10.20 11:07:15.161,1.28708,1.28752,2.25,1.50
2011.10.20 11:07:15.516,1.28708,1.28743,1.13,1.50
2011.10.20 11:07:15.634,1.28708,1.28743,1.35,1.50
2011.10.20 11:07:15.754,1.28709,1.28748,1.35,1.50
2011.10.20 11:07:15.875,1.28709,1.28751,1.65,1.50
2011.10.20 11:07:16.397,1.28727,1.28764,1.50,2.63
2011.10.20 11:07:16.643,1.28728,1.28769,1.13,1.13
2011.10.20 11:07:17.831,1.28727,1.2877,3.38,1.13
2011.10.20 11:07:18.076,1.28727,1.28769,1.88,1.88
2011.10.20 11:07:18.321,1.28727,1.28762,1.88,1.50
2011.10.20 11:07:18.567,1.28717,1.28754,1.88,1.50
2011.10.20 11:07:18.699,1.28717,1.28751,1.88,1.50
2011.10.20 11:07:20.215,1.28718,1.28763,1.50,2.63
2011.10.20 11:07:20.334,1.28718,1.28763,1.50,2.63
2011.10.20 11:07:20.575,1.2871,1.28753,1.50,2.63
2011.10.20 11:07:20.916,1.28717,1.28757,2.63,1.50
2011.10.20 11:07:21.487,1.28717,1.28763,3.38,2.63
2011.10.20 11:07:24.640,1.28709,1.28754,1.50,2.63
2011.10.20 11:07:30.572,1.28717,1.28759,1.88,1.50
2011.10.20 11:07:35.414,1.28711,1.28759,1.13,1.50
2011.10.20 11:07:35.763,1.28707,1.28751,2.63,1.50
2011.10.20 11:07:37.251,1.28707,1.28751,1.88,1.50
2011.10.20 11:07:38.164,1.28707,1.28751,2.63,1.50
2011.10.20 11:07:38.831,1.28707,1.28751,1.88,1.50
2011.10.20 11:07:39.795,1.28707,1.28751,1.88,1.50
2011.10.20 11:07:41.140,1.28707,1.28751,2.63,1.50
2011.10.20 11:07:41.480,1.28717,1.28751,1.88,1.50
2011.10.20 11:07:43.343,1.28717,1.28765,2.63,1.50
2011.10.20 11:07:43.463,1.28717,1.28765,3.38,1.50
2011.10.20 11:07:43.583,1.28717,1.28765,2.63,1.50
2011.10.20 11:07:43.702,1.28727,1.28765,1.88,1.50
2011.10.20 11:07:44.173,1.28727,1.28765,1.88,1.50
2011.10.20 11:07:46.142,1.28737,1.28772,1.88,1.50
2011.10.20 11:07:49.752,1.28726,1.28772,1.88,1.50
2011.10.20 11:07:50.342,1.28727,1.28772,1.88,1.50
2011.10.20 11:07:54.583,1.28736,1.28772,1.88,1.50
2011.10.20 11:07:54.814,1.28736,1.28772,1.88,1.50
2011.10.20 11:07:55.487,1.28736,1.28772,1.88,1.50
2011.10.20 11:07:57.171,1.28736,1.28773,2.63,1.50
2011.10.20 11:07:59.788,1.28727,1.28772,1.88,1.50
2011.10.20 11:08:01.222,1.28736,1.28772,1.88,1.50
2011.10.20 11:08:01.970,1.28736,1.28772,2.63,1.50
2011.10.20 11:08:02.284,1.28736,1.28772,2.63,1.50
2011.10.20 11:08:03.951,1.28736,1.28772,2.63,1.50
2011.10.20 11:08:06.403,1.28729,1.28772,1.13,1.50
2011.10.20 11:08:06.862,1.28737,1.28772,1.88,1.50
2011.10.20 11:08:07.448,1.28727,1.28772,1.88,1.50
2011.10.20 11:08:07.577,1.28727,1.28772,2.63,1.50
2011.10.20 11:08:07.702,1.28727,1.28772,2.63,1.50
2011.10.20 11:08:08.326,1.28727,1.28765,1.88,1.50
2011.10.20 11:08:08.685,1.28727,1.28765,1.88,1.50
2011.10.20 11:08:11.548,1.28727,1.28771,1.88,1.50
2011.10.20 11:08:13.014,1.28727,1.28771,2.63,1.50
2011.10.20 11:08:13.573,1.28727,1.28771,1.88,1.50
2011.10.20 11:08:14.145,1.28727,1.28771,2.63,1.50
2011.10.20 11:08:14.265,1.28737,1.28771,1.88,1.50
2011.10.20 11:08:15.451,1.28737,1.28771,1.88,1.50
2011.10.20 11:08:18.241,1.28737,1.28771,1.88,1.50
2011.10.20 11:08:19.335,1.28737,1.28771,1.88,1.50
2011.10.20 11:08:20.024,1.28737,1.28771,1.88,1.50
2011.10.20 11:08:22.862,1.28737,1.28774,2.63,1.50
2011.10.20 11:08:22.982,1.28737,1.28774,2.63,1.50
2011.10.20 11:08:23.223,1.28747,1.28774,1.88,1.50
2011.10.20 11:08:23.923,1.28736,1.28778,2.63,1.13
2011.10.20 11:08:24.043,1.28736,1.28778,1.88,1.13
2011.10.20 11:08:26.049,1.28738,1.28777,1.50,1.13
2011.10.20 11:08:26.283,1.28738,1.28777,1.50,1.13
2011.10.20 11:08:33.357,1.28737,1.28778,1.88,1.50
2011.10.20 11:08:33.706,1.28737,1.28778,1.88,1.50
2011.10.20 11:08:33.828,1.28737,1.28783,3.38,2.63
2011.10.20 11:08:46.280,1.28737,1.28784,2.25,2.63
2011.10.20 11:08:54.966,1.2874,1.28784,1.50,2.63
2011.10.20 11:08:55.087,1.28746,1.28789,2.63,1.50
2011.10.20 11:08:58.443,1.28746,1.28786,1.88,1.50
2011.10.20 11:09:03.059,1.28736,1.28779,3.38,1.50
2011.10.20 11:09:03.975,1.28736,1.28779,3.38,1.50
2011.10.20 11:09:04.526,1.28736,1.28779,3.38,1.50
2011.10.20 11:09:04.975,1.28737,1.28779,2.25,1.50
2011.10.20 11:09:05.099,1.28746,1.28785,1.88,1.50
2011.10.20 11:09:07.893,1.28746,1.28785,1.88,1.50
2011.10.20 11:09:10.715,1.28746,1.28785,2.63,1.50
2011.10.20 11:09:10.835,1.28757,1.28794,1.88,1.50
2011.10.20 11:09:12.236,1.28757,1.2879,1.88,1.50
2011.10.20 11:09:12.963,1.28747,1.28779,1.88,1.50
2011.10.20 11:09:13.096,1.28747,1.28779,1.88,1.50
2011.10.20 11:09:16.550,1.28746,1.28786,1.88,1.50
2011.10.20 11:09:16.797,1.28747,1.28786,1.88,1.50
2011.10.20 11:09:20.921,1.28747,1.28786,1.88,1.50
2011.10.20 11:09:31.170,1.28747,1.28786,1.88,1.50
2011.10.20 11:09:34.480,1.28746,1.28786,1.88,1.50
2011.10.20 11:09:34.820,1.28746,1.28786,1.88,1.50
2011.10.20 11:09:36.251,1.28746,1.28794,2.63,3.38
2011.10.20 11:09:36.965,1.28747,1.28793,1.88,2.63
2011.10.20 11:09:38.643,1.28747,1.28793,1.88,2.63
2011.10.20 11:09:39.848,1.28747,1.28793,2.63,2.63
2011.10.20 11:09:40.213,1.28756,1.28794,1.88,1.50
2011.10.20 11:09:43.009,1.28757,1.28799,1.88,1.50
2011.10.20 11:09:43.135,1.28757,1.28793,2.63,1.50
2011.10.20 11:09:43.373,1.28761,1.28793,1.88,1.50
2011.10.20 11:09:43.494,1.28756,1.28793,1.88,1.50
2011.10.20 11:09:43.613,1.28752,1.28793,1.88,1.50
2011.10.20 11:09:56.223,1.28757,1.28794,1.88,1.50
2011.10.20 11:09:56.577,1.28743,1.28786,1.50,1.50
2011.10.20 11:09:56.814,1.28743,1.28786,1.88,1.50
2011.10.20 11:09:57.357,1.28747,1.28793,1.88,2.63
2011.10.20 11:09:57.488,1.28747,1.28789,1.88,1.50
2011.10.20 11:09:58.655,1.28747,1.28789,2.63,1.50
2011.10.20 11:09:58.892,1.28747,1.28794,1.50,3.38
2011.10.20 11:09:59.012,1.28756,1.28794,1.88,1.50
2011.10.20 11:10:00.540,1.28747,1.28793,2.63,2.63
2011.10.20 11:10:00.668,1.28747,1.28793,1.88,2.63
2011.10.20 11:10:05.284,1.28743,1.28785,1.50,1.50
2011.10.20 11:10:05.747,1.28747,1.28785,1.88,1.50
2011.10.20 11:10:06.794,1.28749,1.28787,1.13,1.50
2011.10.20 11:10:06.918,1.28752,1.28795,1.50,1.50
2011.10.20 11:10:07.052,1.28749,1.28795,1.50,1.50
2011.10.20 11:10:07.412,1.28749,1.28794,1.50,2.63
2011.10.20 11:10:07.533,1.28757,1.28795,1.88,1.50
2011.10.20 11:10:09.100,1.28754,1.28795,1.13,1.50
2011.10.20 11:10:09.464,1.28756,1.28801,2.63,1.13
2011.10.20 11:10:10.158,1.28756,1.28795,1.88,1.50
2011.10.20 11:10:10.289,1.28756,1.28795,1.88,1.50
2011.10.20 11:10:10.534,1.28756,1.28795,1.88,1.50
2011.10.20 11:10:12.233,1.28746,1.28789,1.88,1.50
2011.10.20 11:10:12.573,1.28742,1.28789,1.88,1.50
2011.10.20 11:10:13.238,1.28742,1.28779,1.88,1.50
2011.10.20 11:10:13.606,1.28742,1.28786,2.63,1.50
2011.10.20 11:10:14.023,1.28747,1.28796,1.88,1.50
2011.10.20 11:10:14.381,1.2875,1.28796,1.13,1.50
2011.10.20 11:10:14.614,1.2875,1.28796,1.13,1.50
2011.10.20 11:10:14.975,1.28756,1.28796,1.50,1.50
2011.10.20 11:10:15.568,1.28766,1.28805,1.88,1.13
2011.10.20 11:10:16.143,1.28762,1.288,1.88,1.50
2011.10.20 11:10:16.624,1.28762,1.288,1.88,1.50
2011.10.20 11:10:18.692,1.28762,1.28793,1.88,1.50
2011.10.20 11:10:19.151,1.28762,1.28793,1.88,1.50
2011.10.20 11:10:19.507,1.28761,1.28793,1.50,1.50
2011.10.20 11:10:20.102,1.28762,1.28793,1.88,1.50
2011.10.20 11:10:21.723,1.28766,1.28798,1.88,1.50
2011.10.20 11:10:22.086,1.28772,1.28798,1.50,1.50
2011.10.20 11:10:22.689,1.28766,1.28796,1.88,1.50
2011.10.20 11:10:23.333,1.28749,1.28789,1.80,1.13
2011.10.20 11:10:23.465,1.28737,1.2878,2.63,1.50
2011.10.20 11:10:23.591,1.28736,1.2878,1.88,1.50
2011.10.20 11:10:23.836,1.28732,1.2878,3.01,1.50
2011.10.20 11:10:24.184,1.28732,1.2878,3.76,1.50
2011.10.20 11:10:24.521,1.28732,1.2878,3.01,1.50
2011.10.20 11:10:24.862,1.28734,1.2878,1.13,1.50
2011.10.20 11:10:29.026,1.28736,1.28773,1.88,1.50
2011.10.20 11:10:29.374,1.28736,1.2878,2.63,1.50
2011.10.20 11:10:29.494,1.28746,1.2878,1.88,1.50
2011.10.20 11:10:30.115,1.28746,1.2878,1.88,1.50
2011.10.20 11:10:31.183,1.28747,1.2878,1.88,1.50
2011.10.20 11:10:31.741,1.28746,1.2878,1.88,1.50
2011.10.20 11:10:32.294,1.28746,1.28773,1.88,1.50
2011.10.20 11:10:32.774,1.28737,1.28773,1.88,1.50
2011.10.20 11:10:32.897,1.28747,1.28773,1.50,1.50
2011.10.20 11:10:33.445,1.2874,1.28789,1.50,1.50
2011.10.20 11:10:33.563,1.28741,1.28789,1.13,1.50
2011.10.20 11:10:34.066,1.28736,1.28781,2.63,1.50
2011.10.20 11:10:34.297,1.28736,1.28784,4.13,1.50
2011.10.20 11:10:34.535,1.28736,1.28784,3.38,1.50
2011.10.20 11:10:35.293,1.28736,1.28784,3.38,1.88
2011.10.20 11:10:35.998,1.28739,1.28784,1.50,1.50
2011.10.20 11:10:36.243,1.28746,1.28784,1.88,1.50
2011.10.20 11:10:39.340,1.28739,1.28784,1.50,1.50
2011.10.20 11:10:39.463,1.28737,1.28784,3.38,1.50
2011.10.20 11:10:39.801,1.28741,1.28784,1.13,1.50
2011.10.20 11:10:40.400,1.28736,1.28784,3.38,1.50
2011.10.20 11:10:40.534,1.28736,1.28773,1.13,1.50
2011.10.20 11:10:41.035,1.28736,1.28773,1.13,1.50
2011.10.20 11:10:41.816,1.28735,1.28778,1.50,1.50
2011.10.20 11:10:42.385,1.28732,1.28774,2.25,1.13
2011.10.20 11:10:43.331,1.28737,1.28778,2.63,1.50
2011.10.20 11:10:44.625,1.28737,1.28778,2.63,1.50
2011.10.20 11:10:45.072,1.28736,1.28778,2.63,1.50
2011.10.20 11:10:45.626,1.28741,1.28778,1.13,1.50
2011.10.20 11:10:46.759,1.28746,1.28794,2.63,2.19
2011.10.20 11:10:51.191,1.28747,1.28789,2.63,1.50
2011.10.20 11:10:51.547,1.28747,1.28793,2.63,1.50
2011.10.20 11:10:51.671,1.28756,1.28793,1.88,1.13
2011.10.20 11:10:52.159,1.28757,1.28793,1.88,1.88
2011.10.20 11:10:52.929,1.28756,1.28787,1.88,1.50
2011.10.20 11:11:01.813,1.28746,1.28787,1.88,1.50
2011.10.20 11:11:02.970,1.28746,1.28773,1.88,1.50
2011.10.20 11:11:03.096,1.28736,1.28773,1.88,1.50
2011.10.20 11:11:03.663,1.28737,1.28773,1.88,1.50
2011.10.20 11:11:05.091,1.28736,1.28783,2.63,1.50
2011.10.20 11:11:05.336,1.28746,1.28783,1.88,1.50
2011.10.20 11:11:05.782,1.28757,1.2879,1.88,1.50
2011.10.20 11:11:07.350,1.28746,1.2879,1.88,1.50
2011.10.20 11:11:08.091,1.28747,1.2879,1.88,1.50
2011.10.20 11:11:08.218,1.28747,1.28773,1.88,1.50
2011.10.20 11:11:08.573,1.28737,1.28771,1.88,1.50
2011.10.20 11:11:10.201,1.28726,1.28771,2.63,1.50
2011.10.20 11:11:10.808,1.28737,1.28771,1.88,1.50
2011.10.20 11:11:11.438,1.28729,1.28766,1.50,1.50
2011.10.20 11:11:12.037,1.28727,1.2877,2.63,1.50
2011.10.20 11:11:12.621,1.28727,1.28772,3.38,1.50
2011.10.20 11:11:13.352,1.28737,1.28774,1.88,1.50
2011.10.20 11:11:15.425,1.28737,1.28771,1.88,1.50
2011.10.20 11:11:15.663,1.28736,1.28771,2.63,1.50
2011.10.20 11:11:16.013,1.28726,1.28763,2.63,1.50
2011.10.20 11:11:16.813,1.28727,1.28769,2.63,1.50
2011.10.20 11:11:17.316,1.28727,1.28769,2.63,1.50
2011.10.20 11:11:18.641,1.28727,1.28769,2.63,1.50
2011.10.20 11:11:20.312,1.28737,1.28769,1.88,1.50
2011.10.20 11:11:20.731,1.28726,1.2876,2.63,1.50
2011.10.20 11:11:21.556,1.28727,1.28762,2.63,1.50
2011.10.20 11:11:21.788,1.28727,1.28763,2.63,1.50
2011.10.20 11:11:22.243,1.28726,1.28769,2.63,1.50
2011.10.20 11:11:22.602,1.28737,1.28769,1.88,1.50
2011.10.20 11:11:24.682,1.28736,1.28769,1.13,1.50
2011.10.20 11:11:25.253,1.28726,1.2876,2.63,1.50
2011.10.20 11:11:26.534,1.28726,1.28763,2.63,2.25
2011.10.20 11:11:27.034,1.28726,1.28768,2.63,1.50
2011.10.20 11:11:27.169,1.28727,1.28768,2.63,1.50
2011.10.20 11:11:27.666,1.28727,1.28768,2.63,1.50
2011.10.20 11:11:27.904,1.28727,1.28761,2.63,1.50
2011.10.20 11:11:30.164,1.28727,1.28761,1.88,1.50
2011.10.20 11:11:30.767,1.28717,1.28761,2.63,1.50
2011.10.20 11:11:31.955,1.28721,1.28767,1.50,1.50
2011.10.20 11:11:32.181,1.28727,1.28767,1.88,1.50
2011.10.20 11:11:32.521,1.28727,1.28767,1.88,1.50
2011.10.20 11:11:32.644,1.28727,1.28767,1.88,1.50
2011.10.20 11:11:33.266,1.28727,1.28767,1.88,1.50
2011.10.20 11:11:34.439,1.28728,1.28769,1.50,1.50
2011.10.20 11:11:35.552,1.28727,1.28774,1.50,2.63
2011.10.20 11:11:36.093,1.28737,1.28775,1.88,1.50
2011.10.20 11:11:38.665,1.28737,1.28775,1.88,1.50
2011.10.20 11:11:39.233,1.28747,1.28782,1.88,1.50
2011.10.20 11:11:44.448,1.28737,1.28776,1.88,1.50
2011.10.20 11:11:45.722,1.28737,1.28776,1.88,1.50
2011.10.20 11:11:47.629,1.28737,1.28768,1.88,1.50
2011.10.20 11:11:48.035,1.28726,1.28768,1.88,1.50
2011.10.20 11:11:48.688,1.28726,1.28768,1.88,1.50
2011.10.20 11:11:50.604,1.28727,1.28768,1.88,1.50
2011.10.20 11:11:50.726,1.28727,1.28768,1.88,1.50
2011.10.20 11:11:51.061,1.28727,1.28768,1.88,1.50
2011.10.20 11:11:55.431,1.28727,1.28768,2.63,1.50
2011.10.20 11:11:55.761,1.28727,1.28768,2.63,1.50
2011.10.20 11:11:55.885,1.28727,1.28768,1.88,1.50
2011.10.20 11:11:56.907,1.28727,1.28769,1.88,1.50
2011.10.20 11:11:58.030,1.28729,1.28774,1.50,1.13
2011.10.20 11:11:58.274,1.28729,1.28778,1.50,1.50
2011.10.20 11:11:58.502,1.28737,1.28778,1.88,1.50
2011.10.20 11:11:59.353,1.28731,1.28778,1.13,1.50
2011.10.20 11:11:59.691,1.28737,1.28772,1.50,2.25
2011.10.20 11:12:01.195,1.28726,1.28772,1.88,2.25
2011.10.20 11:12:01.863,1.28726,1.28771,1.88,1.50
2011.10.20 11:12:02.323,1.28726,1.28771,1.88,1.50
2011.10.20 11:12:03.012,1.28726,1.28771,1.88,1.50
2011.10.20 11:12:06.526,1.28726,1.28771,1.88,1.50
2011.10.20 11:12:06.642,1.28726,1.28771,1.88,1.50
2011.10.20 11:12:07.315,1.28729,1.28774,1.50,1.13
2011.10.20 11:12:07.680,1.28731,1.28778,1.50,1.50
2011.10.20 11:12:08.494,1.28738,1.28779,1.13,1.50
2011.10.20 11:12:10.053,1.28738,1.28774,1.13,1.50
2011.10.20 11:12:10.716,1.28738,1.28774,1.13,1.50
2011.10.20 11:12:16.294,1.28737,1.28779,1.88,1.50
2011.10.20 11:12:16.873,1.28736,1.28779,1.88,1.50
2011.10.20 11:12:16.994,1.28736,1.28779,2.63,1.50
2011.10.20 11:12:17.114,1.28738,1.28787,2.25,1.50
2011.10.20 11:12:17.233,1.28746,1.28787,1.88,1.50
2011.10.20 11:12:17.353,1.28746,1.28787,1.88,1.50
2011.10.20 11:12:18.473,1.28738,1.28784,1.50,1.50
2011.10.20 11:12:18.823,1.28737,1.28781,1.88,1.50
2011.10.20 11:12:18.942,1.28737,1.28781,1.88,1.50
2011.10.20 11:12:21.454,1.28737,1.28781,1.88,1.50
2011.10.20 11:12:22.978,1.28736,1.28781,2.63,1.50
2011.10.20 11:12:23.222,1.28736,1.28781,1.88,1.50
2011.10.20 11:12:24.850,1.28737,1.28781,1.88,1.50
2011.10.20 11:12:25.082,1.28737,1.28781,1.88,1.50
2011.10.20 11:12:25.318,1.28737,1.28781,1.88,1.50
2011.10.20 11:12:30.160,1.28736,1.28781,2.63,1.50
2011.10.20 11:12:30.283,1.28736,1.28781,1.88,1.50
2011.10.20 11:12:35.084,1.28736,1.28781,3.75,1.50
2011.10.20 11:12:36.211,1.28742,1.28781,1.13,1.50
2011.10.20 11:12:37.133,1.28742,1.28781,1.13,1.50
2011.10.20 11:12:37.720,1.28742,1.28781,1.13,1.50
2011.10.20 11:12:38.792,1.28742,1.28781,1.13,1.50
2011.10.20 11:12:39.035,1.28742,1.28781,1.13,1.50
2011.10.20 11:12:39.538,1.28742,1.28781,1.13,1.50
2011.10.20 11:12:41.824,1.28746,1.28781,1.88,1.50
2011.10.20 11:12:42.184,1.28746,1.28789,2.63,1.50
2011.10.20 11:12:42.313,1.28755,1.28789,1.50,1.50
2011.10.20 11:12:42.555,1.28746,1.28789,2.63,1.50
2011.10.20 11:12:42.673,1.28756,1.28789,1.88,1.50
2011.10.20 11:12:48.280,1.28747,1.28787,1.88,1.50
2011.10.20 11:12:53.662,1.28747,1.28787,1.88,1.50
2011.10.20 11:12:54.245,1.28757,1.28787,1.88,1.50
2011.10.20 11:12:59.143,1.28746,1.28787,1.88,1.50
2011.10.20 11:13:00.481,1.28757,1.28787,1.88,1.50
2011.10.20 11:13:03.214,1.28746,1.28794,2.63,1.50
2011.10.20 11:13:03.452,1.28746,1.28794,2.63,1.50
2011.10.20 11:13:06.576,1.28756,1.28794,1.88,1.50
2011.10.20 11:13:11.510,1.28757,1.28794,1.88,1.50
2011.10.20 11:13:20.238,1.28756,1.28794,1.88,1.50
2011.10.20 11:13:20.486,1.28756,1.28794,1.88,1.50
2011.10.20 11:13:20.957,1.28756,1.28785,1.88,1.50
2011.10.20 11:13:21.078,1.28747,1.28783,1.88,1.50
2011.10.20 11:13:21.204,1.28747,1.28783,1.88,1.50
2011.10.20 11:13:21.323,1.28747,1.28783,1.88,1.50
2011.10.20 11:13:21.554,1.28744,1.28783,1.50,1.50
2011.10.20 11:13:21.676,1.28744,1.28783,1.13,1.50
2011.10.20 11:13:22.432,1.28744,1.28783,1.50,1.50
2011.10.20 11:13:23.661,1.28747,1.28783,1.88,1.50
2011.10.20 11:13:33.009,1.28746,1.28794,2.63,1.88
2011.10.20 11:13:33.527,1.28756,1.28794,1.88,1.50
2011.10.20 11:13:35.125,1.28746,1.28793,2.63,1.50
2011.10.20 11:13:35.249,1.28746,1.28793,2.63,1.50
2011.10.20 11:13:35.825,1.28747,1.28783,1.88,1.50
2011.10.20 11:13:36.393,1.28746,1.28783,1.88,1.50
2011.10.20 11:13:38.505,1.28746,1.28783,1.88,1.50
2011.10.20 11:13:38.625,1.28746,1.28792,1.88,1.50
2011.10.20 11:13:38.975,1.28757,1.28792,1.88,1.50
2011.10.20 11:13:39.344,1.28756,1.28792,1.88,1.50
2011.10.20 11:13:40.012,1.28746,1.28792,1.88,1.50
2011.10.20 11:13:40.155,1.28747,1.28792,1.88,1.50
2011.10.20 11:13:40.515,1.28747,1.28776,1.88,1.50
2011.10.20 11:13:41.305,1.28747,1.28782,1.88,1.50
2011.10.20 11:13:42.133,1.28747,1.28774,1.88,1.50
2011.10.20 11:13:42.271,1.28747,1.28774,1.88,1.50
2011.10.20 11:13:42.394,1.28747,1.28774,1.88,1.50
2011.10.20 11:13:43.129,1.28747,1.28774,1.88,1.50
2011.10.20 11:13:46.774,1.28747,1.28774,1.88,1.50
2011.10.20 11:13:47.373,1.28747,1.28774,1.88,1.50
2011.10.20 11:13:48.114,1.28747,1.28774,1.88,1.50
2011.10.20 11:13:49.241,1.28747,1.28774,1.88,1.50
2011.10.20 11:13:50.090,1.28746,1.28774,1.88,1.50
2011.10.20 11:13:50.211,1.28746,1.28774,1.88,1.50
2011.10.20 11:13:50.572,1.28737,1.28774,1.88,1.50
2011.10.20 11:13:50.952,1.28737,1.28774,1.88,1.50
2011.10.20 11:13:51.760,1.28737,1.28774,1.88,1.50
2011.10.20 11:13:57.501,1.28737,1.28774,1.88,1.50
2011.10.20 11:13:58.353,1.28736,1.28774,1.88,1.50
2011.10.20 11:13:58.892,1.28736,1.28774,1.88,1.50
2011.10.20 11:14:00.113,1.28737,1.28774,1.88,1.50
2011.10.20 11:14:00.452,1.28737,1.28774,1.88,1.50
2011.10.20 11:14:04.212,1.28727,1.28774,4.50,1.50
2011.10.20 11:14:04.331,1.28728,1.28774,1.50,1.50
2011.10.20 11:14:04.919,1.28727,1.28767,3.38,1.50
2011.10.20 11:14:05.670,1.28727,1.28757,1.50,1.50
2011.10.20 11:14:06.025,1.28727,1.28756,1.50,1.50
2011.10.20 11:14:07.435,1.28716,1.28756,2.63,1.50
2011.10.20 11:14:07.555,1.28716,1.28756,2.63,1.50
2011.10.20 11:14:08.101,1.28716,1.28756,2.63,1.50
2011.10.20 11:14:08.335,1.28716,1.28756,2.63,1.50
2011.10.20 11:14:08.765,1.28716,1.28756,2.63,1.50
2011.10.20 11:14:10.120,1.28716,1.28756,1.88,1.50
2011.10.20 11:14:11.529,1.28716,1.28763,2.63,1.50
2011.10.20 11:14:11.654,1.28727,1.28768,1.88,1.50
2011.10.20 11:14:11.994,1.28731,1.28771,1.50,1.50
2011.10.20 11:14:12.119,1.2873,1.28779,1.50,1.50
2011.10.20 11:14:12.375,1.28737,1.28779,1.88,1.50
2011.10.20 11:14:14.376,1.28737,1.28779,1.88,1.50
2011.10.20 11:14:14.718,1.2873,1.28779,2.25,1.50
2011.10.20 11:14:14.845,1.2873,1.28779,1.50,1.81
2011.10.20 11:14:15.079,1.28716,1.28763,1.88,1.50
2011.10.20 11:14:15.751,1.28716,1.28763,3.38,1.50
2011.10.20 11:14:15.883,1.28716,1.28764,2.63,2.25
2011.10.20 11:14:17.843,1.28716,1.28764,2.63,2.25
2011.10.20 11:14:17.961,1.28716,1.28764,1.88,2.25
2011.10.20 11:14:30.697,1.28716,1.28763,1.88,1.50
2011.10.20 11:14:31.069,1.28706,1.28749,3.38,1.50
2011.10.20 11:14:31.795,1.28718,1.28764,1.50,1.50
2011.10.20 11:14:31.915,1.28727,1.28775,1.50,1.50
2011.10.20 11:14:32.034,1.28736,1.28775,1.88,1.50
2011.10.20 11:14:37.492,1.28736,1.28783,1.88,2.25
2011.10.20 11:14:38.052,1.28733,1.28783,1.50,4.13
2011.10.20 11:14:38.627,1.28735,1.28783,1.50,4.13
2011.10.20 11:14:40.125,1.28737,1.28783,1.88,2.25
2011.10.20 11:14:42.603,1.28737,1.28783,2.63,1.50
2011.10.20 11:14:42.941,1.2874,1.28788,1.50,1.50
2011.10.20 11:14:49.172,1.2874,1.28788,1.50,1.50
2011.10.20 11:14:49.295,1.28737,1.28781,1.88,1.50
2011.10.20 11:14:49.537,1.28731,1.28773,1.88,1.50
2011.10.20 11:14:49.777,1.28732,1.28771,1.13,1.50
2011.10.20 11:14:49.898,1.28731,1.28771,1.88,1.50
2011.10.20 11:14:50.541,1.28732,1.28773,1.13,2.63
2011.10.20 11:14:50.896,1.28732,1.28773,1.13,3.38
2011.10.20 11:14:51.255,1.28731,1.28761,1.88,1.50
2011.10.20 11:14:51.737,1.28713,1.28753,1.50,2.63
2011.10.20 11:14:53.066,1.28711,1.28752,1.50,1.50
2011.10.20 11:14:53.428,1.28711,1.28748,1.13,1.13
2011.10.20 11:14:54.022,1.28723,1.28754,1.50,1.50
2011.10.20 11:14:54.795,1.28723,1.28761,1.50,1.50
2011.10.20 11:14:56.884,1.28723,1.2876,1.50,1.50
2011.10.20 11:14:57.701,1.28723,1.2876,1.50,1.50
2011.10.20 11:14:58.165,1.28723,1.2876,1.50,1.50
2011.10.20 11:14:58.501,1.28723,1.2876,1.50,1.50
2011.10.20 11:14:59.542,1.28723,1.2876,1.50,1.50
2011.10.20 11:15:00.816,1.28723,1.2876,1.50,1.50
2011.10.20 11:15:01.383,1.28723,1.28755,1.50,1.50
2011.10.20 11:15:01.735,1.28723,1.28752,1.50,1.50
2011.10.20 11:15:02.207,1.28719,1.2876,1.35,1.50
2011.10.20 11:15:02.324,1.28731,1.28766,1.50,1.50
2011.10.20 11:15:02.443,1.28731,1.28772,1.50,1.50
2011.10.20 11:15:02.791,1.28731,1.28775,1.50,1.50
2011.10.20 11:15:03.283,1.28731,1.28775,1.50,1.50
2011.10.20 11:15:04.924,1.28729,1.28775,1.50,1.50
2011.10.20 11:15:05.277,1.28729,1.28774,1.50,2.63
2011.10.20 11:15:06.005,1.28729,1.28774,1.50,2.63
2011.10.20 11:15:06.757,1.28725,1.28763,1.50,2.63
2011.10.20 11:15:07.127,1.28726,1.28763,1.50,2.63
2011.10.20 11:15:08.540,1.28726,1.28763,1.50,2.63
2011.10.20 11:15:08.979,1.2872,1.28763,1.50,2.63
2011.10.20 11:15:10.088,1.2872,1.28762,1.50,1.06
2011.10.20 11:15:10.851,1.2872,1.28762,1.50,1.06
2011.10.20 11:15:10.972,1.2872,1.28763,1.50,2.94
2011.10.20 11:15:11.543,1.2872,1.28763,1.50,2.63
2011.10.20 11:15:12.114,1.2872,1.28763,2.25,2.63
2011.10.20 11:15:14.896,1.28727,1.28763,1.50,2.63
2011.10.20 11:15:15.123,1.28727,1.28774,1.50,1.88
2011.10.20 11:15:17.677,1.28727,1.28774,1.50,2.63
2011.10.20 11:15:19.000,1.28729,1.28774,1.13,1.88
2011.10.20 11:15:19.968,1.28729,1.28764,1.13,1.88
2011.10.20 11:15:20.564,1.28729,1.28763,1.13,1.88
2011.10.20 11:15:23.234,1.28729,1.28774,1.13,2.63
2011.10.20 11:15:23.830,1.2873,1.28769,1.13,1.13
2011.10.20 11:15:24.193,1.28734,1.28779,1.50,1.50
2011.10.20 11:15:24.315,1.28734,1.28779,2.48,1.50
2011.10.20 11:15:24.434,1.28748,1.28779,1.50,1.50
2011.10.20 11:15:24.555,1.28748,1.28779,1.50,1.50
2011.10.20 11:15:25.175,1.2874,1.28779,1.50,1.50
2011.10.20 11:15:27.047,1.2874,1.28777,1.50,1.50
2011.10.20 11:15:27.787,1.28733,1.28774,1.50,3.38
2011.10.20 11:15:27.905,1.28739,1.28774,1.50,3.38
2011.10.20 11:15:28.026,1.28734,1.28774,1.50,3.38
2011.10.20 11:15:28.585,1.28734,1.28774,1.50,3.38
2011.10.20 11:15:29.156,1.28733,1.28774,1.88,2.63
2011.10.20 11:15:30.155,1.28733,1.28773,1.13,2.25
2011.10.20 11:15:30.276,1.28733,1.28773,1.13,4.13
2011.10.20 11:15:30.622,1.2873,1.28774,1.50,3.38
2011.10.20 11:15:30.745,1.28728,1.28774,1.50,3.38
2011.10.20 11:15:32.462,1.28726,1.28773,2.63,1.50
2011.10.20 11:15:32.950,1.2873,1.28773,1.50,1.50
2011.10.20 11:15:33.314,1.2873,1.28774,1.50,2.63
2011.10.20 11:15:34.355,1.2873,1.28773,1.50,1.50
2011.10.20 11:15:34.713,1.2873,1.28763,1.50,1.88
2011.10.20 11:15:34.945,1.28724,1.28763,1.50,1.88
2011.10.20 11:15:37.281,1.28723,1.28763,2.25,2.63
2011.10.20 11:15:38.185,1.28723,1.28764,1.50,2.63
2011.10.20 11:15:38.305,1.28723,1.28764,2.25,2.63
2011.10.20 11:15:38.776,1.28722,1.28759,1.50,1.50
2011.10.20 11:15:39.015,1.2872,1.28753,1.50,1.88
2011.10.20 11:15:39.728,1.28719,1.28753,1.13,1.88
2011.10.20 11:15:41.081,1.28719,1.28753,1.13,1.88
2011.10.20 11:15:41.690,1.28715,1.28753,1.13,2.63
2011.10.20 11:15:41.818,1.28713,1.28753,1.50,2.63
2011.10.20 11:15:42.869,1.28713,1.28753,1.50,2.63
2011.10.20 11:15:43.107,1.28713,1.28753,1.50,2.63
2011.10.20 11:15:43.901,1.28713,1.28753,2.25,2.63
2011.10.20 11:15:45.439,1.28718,1.28753,1.13,2.63
2011.10.20 11:15:46.031,1.28718,1.28753,1.13,2.63
2011.10.20 11:15:47.672,1.28718,1.28753,1.13,1.88
2011.10.20 11:15:47.968,1.28717,1.28753,1.13,1.88
2011.10.20 11:15:48.219,1.28718,1.28753,1.88,1.88
2011.10.20 11:15:48.469,1.2872,1.28764,1.50,1.88
2011.10.20 11:15:49.078,1.28728,1.28774,1.50,2.63
2011.10.20 11:15:49.203,1.28732,1.28775,1.50,1.13
2011.10.20 11:15:49.794,1.28732,1.28774,1.50,1.13
2011.10.20 11:15:50.366,1.28732,1.28774,1.50,1.13
2011.10.20 11:15:50.731,1.28732,1.28774,1.50,1.88
2011.10.20 11:15:51.207,1.2874,1.28775,1.50,1.50
2011.10.20 11:15:51.575,1.28747,1.28779,1.13,1.50
2011.10.20 11:15:52.144,1.28757,1.28779,1.88,1.50
2011.10.20 11:15:52.713,1.28747,1.28779,1.13,1.50
2011.10.20 11:15:54.537,1.28746,1.28779,1.88,1.50
2011.10.20 11:15:54.994,1.28746,1.28779,1.88,1.50
2011.10.20 11:15:56.151,1.28738,1.28779,1.50,1.50
2011.10.20 11:15:57.192,1.28737,1.28779,2.25,1.50
2011.10.20 11:16:00.111,1.28739,1.28785,1.13,1.50
2011.10.20 11:16:00.707,1.28739,1.28784,1.13,1.13
2011.10.20 11:16:01.163,1.28732,1.2878,2.25,1.50
2011.10.20 11:16:01.392,1.28732,1.2878,1.88,1.50
2011.10.20 11:16:01.625,1.28732,1.2878,1.88,1.50
2011.10.20 11:16:01.745,1.28737,1.28783,1.88,2.63
2011.10.20 11:16:02.515,1.28751,1.28783,1.50,1.88
2011.10.20 11:16:02.747,1.28741,1.28789,1.88,1.50
2011.10.20 11:16:03.094,1.2874,1.28783,1.50,1.13
2011.10.20 11:16:05.795,1.28733,1.28779,1.13,1.50
2011.10.20 11:16:06.043,1.28733,1.28779,1.13,1.50
2011.10.20 11:16:06.169,1.2873,1.28772,1.50,1.50
2011.10.20 11:16:06.779,1.28728,1.28772,1.13,1.50
2011.10.20 11:16:06.912,1.28727,1.28771,2.25,1.50
2011.10.20 11:16:07.616,1.28727,1.28761,1.13,1.50
2011.10.20 11:16:07.874,1.28727,1.28764,1.13,1.88
2011.10.20 11:16:07.996,1.28729,1.28769,1.50,1.13
2011.10.20 11:16:14.809,1.28727,1.28764,1.13,1.88
2011.10.20 11:16:15.416,1.28723,1.28764,1.50,1.88
2011.10.20 11:16:17.345,1.28723,1.28753,1.50,1.50
2011.10.20 11:16:17.469,1.28712,1.28753,1.88,2.25
2011.10.20 11:16:18.164,1.28711,1.28754,1.88,2.63
2011.10.20 11:16:18.285,1.28711,1.28754,1.13,2.63
2011.10.20 11:16:18.893,1.28712,1.28741,1.13,1.50
2011.10.20 11:16:19.020,1.28701,1.28745,1.50,2.25
2011.10.20 11:16:19.510,1.28707,1.28752,2.25,2.25
2011.10.20 11:16:20.633,1.28707,1.28752,2.25,1.50
2011.10.20 11:16:21.862,1.28707,1.28752,1.50,1.50
2011.10.20 11:16:22.205,1.28707,1.28754,1.50,1.13
2011.10.20 11:16:22.441,1.28707,1.28754,1.50,1.13
2011.10.20 11:16:23.054,1.28708,1.28755,1.50,1.50
2011.10.20 11:16:23.561,1.28708,1.28755,1.50,1.50
2011.10.20 11:16:25.144,1.28708,1.28751,1.50,1.50
2011.10.20 11:16:25.267,1.28709,1.28757,1.50,1.50
2011.10.20 11:16:26.510,1.28717,1.28762,4.35,2.25
2011.10.20 11:16:26.984,1.2872,1.28762,1.50,1.50
2011.10.20 11:16:27.128,1.28728,1.28763,1.50,1.50
2011.10.20 11:16:27.258,1.28728,1.28763,1.50,1.50
2011.10.20 11:16:27.846,1.28728,1.28767,1.80,1.50
2011.10.20 11:16:28.086,1.28729,1.28767,1.05,1.50
2011.10.20 11:16:28.995,1.28729,1.28764,1.05,1.50
2011.10.20 11:16:29.641,1.28723,1.28764,1.50,1.50
2011.10.20 11:16:29.776,1.2873,1.28764,2.48,1.50
2011.10.20 11:16:30.129,1.28738,1.28777,1.50,1.50
2011.10.20 11:16:33.075,1.28737,1.28774,1.50,1.50
2011.10.20 11:16:37.995,1.28736,1.2877,1.88,1.50
2011.10.20 11:16:38.818,1.28732,1.28768,1.50,1.50
2011.10.20 11:16:40.605,1.28735,1.2877,1.13,1.50
2011.10.20 11:16:45.665,1.28735,1.28764,1.13,1.50
2011.10.20 11:16:45.894,1.28728,1.28764,1.13,1.50
2011.10.20 11:16:46.017,1.28727,1.28764,2.63,1.50
2011.10.20 11:16:46.889,1.28719,1.28763,2.25,1.50
2011.10.20 11:16:47.029,1.28717,1.28754,3.00,1.50
2011.10.20 11:16:47.406,1.28717,1.28753,1.13,1.88
2011.10.20 11:16:47.645,1.28712,1.28752,1.50,1.50
2011.10.20 11:16:47.765,1.28712,1.28749,1.50,1.50
2011.10.20 11:16:48.105,1.28712,1.28753,1.50,1.88
2011.10.20 11:16:48.557,1.28712,1.28753,1.50,1.88
2011.10.20 11:16:50.223,1.28712,1.28753,1.50,1.13
2011.10.20 11:16:51.125,1.28706,1.28744,1.50,1.50
2011.10.20 11:16:51.823,1.28708,1.28753,1.05,4.13
2011.10.20 11:16:53.453,1.28708,1.2874,1.05,1.50
2011.10.20 11:17:05.490,1.28708,1.28743,1.05,1.88
2011.10.20 11:17:05.682,1.28708,1.28743,1.05,3.38
2011.10.20 11:17:06.816,1.28706,1.28749,2.63,1.50
2011.10.20 11:17:08.272,1.28706,1.28749,2.63,2.25
2011.10.20 11:17:09.426,1.28706,1.28749,2.63,2.25
2011.10.20 11:17:11.054,1.28706,1.28749,2.63,2.25
2011.10.20 11:17:13.679,1.28706,1.28749,2.63,2.25
2011.10.20 11:17:14.349,1.28706,1.28749,2.63,2.25
2011.10.20 11:17:16.072,1.28706,1.28749,2.63,2.25
2011.10.20 11:17:16.714,1.28706,1.28749,2.63,2.25
2011.10.20 11:17:17.432,1.28706,1.28749,2.63,2.25
2011.10.20 11:17:18.082,1.28706,1.28749,2.63,2.25
2011.10.20 11:17:18.423,1.28706,1.28749,2.63,2.25
2011.10.20 11:17:18.544,1.28706,1.28749,2.63,2.25
2011.10.20 11:17:20.183,1.28706,1.28749,2.63,2.25
2011.10.20 11:17:20.415,1.28711,1.28752,1.50,2.25
2011.10.20 11:17:20.645,1.28711,1.28751,1.50,1.50
2011.10.20 11:17:23.049,1.28709,1.28749,1.50,1.50
2011.10.20 11:17:23.851,1.28709,1.28749,1.50,1.50
2011.10.20 11:17:25.202,1.28706,1.28749,1.88,1.50
2011.10.20 11:17:25.385,1.28706,1.28749,1.88,1.50
2011.10.20 11:17:28.463,1.28706,1.28749,1.88,1.50
2011.10.20 11:17:32.721,1.28707,1.28748,1.88,1.50
2011.10.20 11:17:32.842,1.28708,1.28748,1.13,1.50
2011.10.20 11:17:42.083,1.28711,1.28751,1.13,1.50
2011.10.20 11:17:42.314,1.28706,1.28749,2.03,1.50
2011.10.20 11:17:53.251,1.28706,1.28749,2.63,1.50
2011.10.20 11:18:00.471,1.28706,1.28749,1.88,1.50
2011.10.20 11:18:00.702,1.28706,1.28751,2.63,1.50
2011.10.20 11:18:03.502,1.28707,1.28751,1.88,2.25
2011.10.20 11:18:06.953,1.28707,1.28751,2.63,2.25
2011.10.20 11:18:09.032,1.28707,1.28751,1.88,2.25
2011.10.20 11:18:11.412,1.28716,1.28751,1.88,2.25
2011.10.20 11:18:11.763,1.28719,1.28764,1.50,1.50
2011.10.20 11:18:12.102,1.28716,1.28761,2.63,1.50
2011.10.20 11:18:13.314,1.28717,1.28761,1.88,1.50
2011.10.20 11:18:13.892,1.28715,1.28763,1.13,4.13
2011.10.20 11:18:14.342,1.28717,1.28763,3.38,2.25
2011.10.20 11:18:14.463,1.2872,1.28763,1.13,1.50
2011.10.20 11:18:14.868,1.28722,1.28764,1.13,1.50
2011.10.20 11:18:17.004,1.28721,1.28763,1.50,1.13
2011.10.20 11:18:19.099,1.28722,1.2877,1.88,1.88
2011.10.20 11:18:19.225,1.28728,1.2877,1.35,1.88
2011.10.20 11:18:19.348,1.28731,1.2877,1.50,1.13
2011.10.20 11:18:20.040,1.28736,1.2877,1.50,1.13
2011.10.20 11:18:20.918,1.28739,1.2877,1.13,1.13
2011.10.20 11:18:21.033,1.28733,1.2877,1.13,1.13
2011.10.20 11:18:22.227,1.2873,1.2877,1.50,1.13
2011.10.20 11:18:22.454,1.28727,1.2877,1.13,1.13
2011.10.20 11:18:26.535,1.2873,1.2877,1.50,1.13
2011.10.20 11:18:26.777,1.2873,1.28771,1.50,1.13
2011.10.20 11:18:26.893,1.28731,1.28771,1.13,1.13
2011.10.20 11:18:27.022,1.28724,1.28766,1.50,1.50
2011.10.20 11:18:27.144,1.28719,1.28757,1.05,1.50
2011.10.20 11:18:27.266,1.28718,1.28757,2.48,1.50
2011.10.20 11:18:27.955,1.28716,1.28757,1.13,1.50
2011.10.20 11:18:28.316,1.28707,1.28749,2.63,1.50
2011.10.20 11:18:28.437,1.28712,1.28749,1.13,1.50
2011.10.20 11:18:28.554,1.28707,1.28749,2.63,1.50
2011.10.20 11:18:28.673,1.28707,1.28749,1.88,1.50
2011.10.20 11:18:45.638,1.28707,1.28749,1.88,1.50
2011.10.20 11:18:46.716,1.28707,1.28749,2.63,1.50
2011.10.20 11:18:46.840,1.28714,1.28759,1.50,1.13
2011.10.20 11:18:47.211,1.28716,1.28759,1.50,1.13
2011.10.20 11:18:47.460,1.28722,1.28759,1.50,1.13
2011.10.20 11:18:48.193,1.28717,1.2876,1.13,1.13
2011.10.20 11:18:48.558,1.28716,1.28757,2.63,1.50
2011.10.20 11:18:48.686,1.28709,1.28757,1.50,1.50
2011.10.20 11:18:48.812,1.28706,1.28749,2.63,1.50
2011.10.20 11:18:49.177,1.28696,1.28743,1.88,1.50
2011.10.20 11:18:49.415,1.28696,1.28743,1.88,1.50
2011.10.20 11:18:49.753,1.28696,1.28743,2.63,1.50
2011.10.20 11:18:51.988,1.28706,1.28751,1.13,1.50
2011.10.20 11:18:52.354,1.28717,1.28759,1.88,1.13
2011.10.20 11:18:52.474,1.28717,1.28759,1.88,1.13
2011.10.20 11:18:52.717,1.28706,1.28751,1.88,1.50
2011.10.20 11:18:53.713,1.28717,1.28758,1.88,1.50
2011.10.20 11:18:53.846,1.28716,1.28758,1.88,1.50
2011.10.20 11:18:53.966,1.28716,1.28758,1.88,1.50
2011.10.20 11:18:54.091,1.28716,1.28758,1.88,1.50
2011.10.20 11:18:54.845,1.28716,1.28758,1.88,1.50
2011.10.20 11:18:57.450,1.28716,1.28758,1.88,1.88
2011.10.20 11:18:57.578,1.28716,1.28758,1.88,1.88
2011.10.20 11:18:57.953,1.28716,1.28748,1.88,1.50
2011.10.20 11:18:58.195,1.28709,1.28748,1.13,1.50
2011.10.20 11:18:58.320,1.28707,1.28748,2.63,1.50
2011.10.20 11:18:58.799,1.28706,1.28748,1.88,1.50
2011.10.20 11:19:05.593,1.28706,1.2875,2.63,1.50
2011.10.20 11:19:06.183,1.28716,1.28758,1.88,1.50
2011.10.20 11:19:06.308,1.28709,1.28758,1.50,1.50
2011.10.20 11:19:06.434,1.28712,1.28758,1.13,1.50
2011.10.20 11:19:07.093,1.28712,1.28758,1.13,1.50
2011.10.20 11:19:15.026,1.28716,1.28758,1.88,1.50
2011.10.20 11:19:15.644,1.28716,1.28761,3.38,1.13
2011.10.20 11:19:15.884,1.28717,1.28761,2.63,2.85
2011.10.20 11:19:16.127,1.28706,1.28751,1.88,1.50
2011.10.20 11:19:16.597,1.28696,1.28742,2.63,1.50
2011.10.20 11:19:16.718,1.28696,1.28742,1.88,1.50
2011.10.20 11:19:17.077,1.28707,1.28749,1.88,1.50
2011.10.20 11:19:17.994,1.28701,1.28749,1.13,1.50
2011.10.20 11:19:20.283,1.287,1.28749,1.50,1.50
2011.10.20 11:19:20.777,1.28701,1.28749,1.13,1.50
2011.10.20 11:19:25.997,1.287,1.28749,1.50,1.50
2011.10.20 11:19:26.355,1.28688,1.28726,1.50,1.50
2011.10.20 11:19:26.486,1.28684,1.28726,1.50,1.50
2011.10.20 11:19:27.080,1.28688,1.28733,1.50,2.63
2011.10.20 11:19:27.590,1.28687,1.28733,1.13,2.63
2011.10.20 11:19:27.829,1.28687,1.28733,1.13,2.63
2011.10.20 11:19:28.075,1.28682,1.28733,2.25,2.63
2011.10.20 11:19:28.485,1.28683,1.28729,2.25,2.63
2011.10.20 11:19:30.023,1.28683,1.28724,1.50,2.63
2011.10.20 11:19:31.533,1.28682,1.2872,1.50,1.50
2011.10.20 11:19:31.877,1.28676,1.28721,1.88,1.50
2011.10.20 11:19:32.736,1.28676,1.28719,1.88,1.13
2011.10.20 11:19:32.875,1.28676,1.28716,1.13,1.50
2011.10.20 11:19:33.965,1.28676,1.28719,1.88,2.63
2011.10.20 11:19:34.549,1.28676,1.28719,1.88,1.88
2011.10.20 11:19:35.001,1.28681,1.28714,1.50,1.88
2011.10.20 11:19:35.623,1.28686,1.28713,1.50,1.88
2011.10.20 11:19:35.989,1.28686,1.28704,1.50,1.88
2011.10.20 11:19:36.122,1.28681,1.28719,1.50,1.13
2011.10.20 11:19:36.246,1.28681,1.28728,1.50,1.50
2011.10.20 11:19:36.474,1.28681,1.2873,1.50,1.50
2011.10.20 11:19:37.067,1.28689,1.28736,1.73,1.50
2011.10.20 11:19:37.195,1.28701,1.28739,1.50,1.13
2011.10.20 11:19:37.321,1.28703,1.2874,1.50,1.13
2011.10.20 11:19:37.447,1.28701,1.2874,1.50,1.13
2011.10.20 11:19:37.688,1.28701,1.28743,1.50,1.88
2011.10.20 11:19:38.045,1.28701,1.28744,1.50,1.13
2011.10.20 11:19:38.656,1.28706,1.28744,1.88,1.13
2011.10.20 11:19:38.789,1.28696,1.28741,2.63,1.50
2011.10.20 11:19:38.921,1.28696,1.2874,1.88,1.13
2011.10.20 11:19:39.286,1.28687,1.28737,1.50,1.50
2011.10.20 11:19:39.530,1.28686,1.28732,1.88,1.50
2011.10.20 11:19:41.439,1.28687,1.28722,1.88,1.06
2011.10.20 11:19:41.573,1.28674,1.2872,1.50,1.50
2011.10.20 11:19:41.699,1.28677,1.28716,1.88,2.25
2011.10.20 11:19:42.071,1.28686,1.28732,1.50,1.50
2011.10.20 11:19:42.435,1.28687,1.28733,3.38,2.63
2011.10.20 11:19:43.914,1.28687,1.28733,3.38,2.63
2011.10.20 11:19:44.384,1.28695,1.28733,1.50,2.63
2011.10.20 11:19:45.063,1.28692,1.28733,2.25,2.63
2011.10.20 11:19:45.187,1.28692,1.28733,1.50,2.63
2011.10.20 11:19:45.603,1.2869,1.28733,1.50,2.63
2011.10.20 11:19:46.231,1.2869,1.28733,1.50,2.63
2011.10.20 11:19:48.369,1.28699,1.28734,1.50,1.13
2011.10.20 11:19:50.462,1.28699,1.28742,1.50,1.13
2011.10.20 11:19:50.693,1.28697,1.28739,1.88,1.50
2011.10.20 11:19:53.673,1.28697,1.28739,1.88,1.50
2011.10.20 11:19:56.143,1.2869,1.28733,1.50,2.63
2011.10.20 11:19:56.270,1.2869,1.28733,1.50,2.63
2011.10.20 11:19:56.396,1.28693,1.28739,1.13,1.50
2011.10.20 11:19:57.091,1.28696,1.28739,1.88,1.50
2011.10.20 11:19:57.443,1.28696,1.28739,1.88,1.50
2011.10.20 11:20:00.384,1.28693,1.28739,1.13,1.50
2011.10.20 11:20:01.783,1.2869,1.28733,1.50,2.63
2011.10.20 11:20:10.501,1.28693,1.28733,1.13,2.25
2011.10.20 11:20:12.217,1.2869,1.28733,1.50,1.13
2011.10.20 11:20:12.708,1.2869,1.28734,1.50,2.63
2011.10.20 11:20:14.055,1.28686,1.28734,2.63,1.88
2011.10.20 11:20:14.173,1.28684,1.28734,1.13,2.63
2011.10.20 11:20:14.522,1.28677,1.28727,4.13,1.50
2011.10.20 11:20:16.719,1.28685,1.28727,1.13,1.50
2011.10.20 11:20:17.077,1.28692,1.28741,1.50,1.13
2011.10.20 11:20:17.439,1.28694,1.28741,1.13,1.13
2011.10.20 11:20:19.719,1.28676,1.28724,2.63,1.13
2011.10.20 11:20:21.987,1.28676,1.2872,1.88,2.25
2011.10.20 11:20:22.634,1.28671,1.2872,1.50,2.25
2011.10.20 11:20:22.765,1.2867,1.28715,1.50,1.13
2011.10.20 11:20:23.718,1.28675,1.28721,1.50,1.50
2011.10.20 11:20:24.088,1.28679,1.28728,1.88,1.50
2011.10.20 11:20:24.209,1.2868,1.28728,1.50,1.50
2011.10.20 11:20:24.334,1.28687,1.28728,1.88,1.50
2011.10.20 11:20:27.693,1.2868,1.28728,1.50,1.50
2011.10.20 11:20:27.924,1.28679,1.28728,1.50,1.50
2011.10.20 11:20:28.045,1.28677,1.28723,1.50,1.50
2011.10.20 11:20:28.287,1.28676,1.28723,1.13,1.50
2011.10.20 11:20:28.809,1.28672,1.28721,1.50,1.50
2011.10.20 11:20:29.577,1.28672,1.28718,1.50,1.13
2011.10.20 11:20:29.699,1.28669,1.28713,1.50,1.88
2011.10.20 11:20:29.948,1.2867,1.28713,1.50,1.88
2011.10.20 11:20:30.305,1.28672,1.28713,1.13,1.88
2011.10.20 11:20:30.668,1.28674,1.2871,1.13,1.50
2011.10.20 11:20:30.920,1.28674,1.28702,1.13,2.48
2011.10.20 11:20:31.370,1.28673,1.28702,1.13,2.48
2011.10.20 11:20:32.063,1.28667,1.28698,1.50,1.50
2011.10.20 11:20:32.621,1.28665,1.28693,1.50,2.63
2011.10.20 11:20:33.226,1.28667,1.28711,2.63,2.48
2011.10.20 11:20:33.345,1.28667,1.28714,3.38,1.50
2011.10.20 11:20:33.839,1.2868,1.28714,1.50,1.88
2011.10.20 11:20:34.323,1.2868,1.28709,1.50,1.88
2011.10.20 11:20:35.027,1.2868,1.28723,2.25,3.00
2011.10.20 11:20:35.145,1.28684,1.28723,1.50,1.88
2011.10.20 11:20:35.804,1.28694,1.28727,1.50,1.13
2011.10.20 11:20:35.934,1.28694,1.2873,1.50,1.13
2011.10.20 11:20:36.979,1.28696,1.2873,1.88,1.13
2011.10.20 11:20:37.698,1.28696,1.28743,1.88,1.50
2011.10.20 11:20:37.827,1.28696,1.28743,1.88,1.50
2011.10.20 11:20:38.066,1.28696,1.28743,1.88,1.50
2011.10.20 11:20:38.413,1.28694,1.28733,1.50,1.13
2011.10.20 11:20:38.999,1.28686,1.28725,1.88,1.50
2011.10.20 11:20:39.130,1.28687,1.2873,1.50,2.48
2011.10.20 11:20:39.378,1.28692,1.28728,1.50,2.63
2011.10.20 11:20:40.547,1.28692,1.28733,1.50,2.63
2011.10.20 11:20:40.897,1.28703,1.28727,1.50,1.50
2011.10.20 11:20:43.367,1.2871,1.28729,1.50,1.50
2011.10.20 11:20:45.105,1.28701,1.28728,1.50,1.50
2011.10.20 11:20:46.301,1.28701,1.28721,1.50,1.50
2011.10.20 11:20:46.428,1.28701,1.28743,1.50,3.00
2011.10.20 11:20:47.004,1.28692,1.28734,1.50,2.63
2011.10.20 11:20:48.453,1.28686,1.28734,3.38,2.63
2011.10.20 11:20:48.578,1.28693,1.28734,1.50,2.63
2011.10.20 11:20:49.094,1.28687,1.28734,1.50,2.63
2011.10.20 11:20:49.474,1.28687,1.28734,1.50,2.63
2011.10.20 11:20:51.017,1.28686,1.28734,1.13,1.88
2011.10.20 11:20:51.621,1.28683,1.28728,2.25,2.63
2011.10.20 11:20:51.754,1.28679,1.28726,1.50,1.50
2011.10.20 11:20:52.121,1.28686,1.28724,2.63,1.50
2011.10.20 11:20:52.500,1.28692,1.28734,1.50,2.63
2011.10.20 11:20:52.869,1.28686,1.28734,3.38,2.63
2011.10.20 11:20:53.000,1.28682,1.28728,1.50,1.50
2011.10.20 11:20:53.652,1.2868,1.28713,1.50,1.88
2011.10.20 11:20:53.781,1.28674,1.28713,1.50,2.63
2011.10.20 11:20:54.376,1.28674,1.28714,1.50,2.63
2011.10.20 11:20:56.003,1.28673,1.28714,1.50,1.13
2011.10.20 11:20:56.268,1.28676,1.28722,1.88,1.50
2011.10.20 11:20:56.637,1.28686,1.28728,1.88,1.50
2011.10.20 11:20:58.219,1.28686,1.28728,1.88,1.50
2011.10.20 11:20:58.347,1.28686,1.28728,1.88,1.50
2011.10.20 11:20:58.696,1.28686,1.28729,1.88,1.50
2011.10.20 11:20:58.937,1.28684,1.28729,1.13,1.50
2011.10.20 11:20:59.060,1.28683,1.28732,1.50,2.25
2011.10.20 11:20:59.305,1.28686,1.28733,2.63,3.00
2011.10.20 11:21:00.106,1.28686,1.28732,1.88,1.50
2011.10.20 11:21:00.465,1.28686,1.28728,1.88,1.50
2011.10.20 11:21:02.274,1.28686,1.28728,1.88,1.50
2011.10.20 11:21:02.394,1.28681,1.28729,2.63,1.50
2011.10.20 11:21:02.517,1.28681,1.28729,1.88,1.50
2011.10.20 11:21:02.756,1.28681,1.28728,1.88,1.50
2011.10.20 11:21:04.454,1.28681,1.28725,1.88,1.50
2011.10.20 11:21:05.402,1.28681,1.28729,1.88,2.25
2011.10.20 11:21:05.744,1.28681,1.28727,1.50,1.50
2011.10.20 11:21:07.883,1.28681,1.28729,1.50,2.63
2011.10.20 11:21:08.124,1.28681,1.28729,1.88,1.50
2011.10.20 11:21:09.168,1.28687,1.28733,1.50,1.13
2011.10.20 11:21:10.567,1.28678,1.28721,1.50,1.50
2011.10.20 11:21:10.793,1.28681,1.28721,1.50,1.50
2011.10.20 11:21:10.915,1.28686,1.28726,1.88,1.50
2011.10.20 11:21:11.035,1.28694,1.28727,1.13,1.50
2011.10.20 11:21:11.592,1.28697,1.28732,1.88,1.13
2011.10.20 11:21:12.794,1.28697,1.28738,1.88,1.50
2011.10.20 11:21:14.206,1.28697,1.2874,1.88,2.25
2011.10.20 11:21:15.659,1.28699,1.28741,1.50,1.50
2011.10.20 11:21:16.036,1.28717,1.28744,1.88,1.13
2011.10.20 11:21:16.439,1.28707,1.28744,2.63,1.88
2011.10.20 11:21:16.564,1.28707,1.28744,1.88,1.88
2011.10.20 11:21:17.237,1.28714,1.28744,1.20,1.13
2011.10.20 11:21:17.475,1.28723,1.28747,1.50,1.13
2011.10.20 11:21:17.598,1.28707,1.28747,3.38,1.13
2011.10.20 11:21:18.043,1.28707,1.28745,1.88,1.13
2011.10.20 11:21:18.396,1.28716,1.28744,1.88,1.13
2011.10.20 11:21:18.743,1.28716,1.28744,1.88,1.13
2011.10.20 11:21:18.976,1.28716,1.28744,1.88,1.13
2011.10.20 11:21:19.219,1.28716,1.28744,2.63,1.13
2011.10.20 11:21:19.348,1.28706,1.28744,2.63,1.13
2011.10.20 11:21:19.474,1.28706,1.28744,2.63,1.13
2011.10.20 11:21:19.838,1.28697,1.28744,1.88,1.88
2011.10.20 11:21:20.269,1.28697,1.28744,1.88,1.88
2011.10.20 11:21:20.519,1.28696,1.28744,3.38,2.25
2011.10.20 11:21:20.771,1.28706,1.28744,1.88,1.50
2011.10.20 11:21:22.174,1.28697,1.28744,1.88,1.50
2011.10.20 11:21:22.647,1.28697,1.28736,1.88,1.50
2011.10.20 11:21:23.289,1.28697,1.28736,1.88,1.50
2011.10.20 11:21:26.219,1.28696,1.28736,1.88,1.50
2011.10.20 11:21:26.731,1.28707,1.28742,1.88,1.50
2011.10.20 11:21:27.316,1.28696,1.28742,2.63,1.50
2011.10.20 11:21:27.883,1.28688,1.28734,1.88,1.50
2011.10.20 11:21:28.313,1.28707,1.28744,1.88,1.50
2011.10.20 11:21:29.239,1.28697,1.28746,1.88,1.50
2011.10.20 11:21:30.305,1.28696,1.28748,2.63,1.13
2011.10.20 11:21:31.119,1.28697,1.28746,1.88,1.50
2011.10.20 11:21:33.839,1.28696,1.28739,2.63,1.13
2011.10.20 11:21:34.862,1.28696,1.28739,2.63,1.13
2011.10.20 11:21:35.093,1.28696,1.2874,2.63,1.13
2011.10.20 11:21:35.339,1.28688,1.28734,2.25,1.13
2011.10.20 11:21:35.709,1.28684,1.28731,1.13,1.50
2011.10.20 11:21:36.856,1.28687,1.28731,1.88,1.50
2011.10.20 11:21:37.086,1.2868,1.28731,1.50,1.50
2011.10.20 11:21:37.326,1.28686,1.28733,1.50,3.38
2011.10.20 11:21:38.508,1.28687,1.28733,3.38,3.38
2011.10.20 11:21:39.189,1.2869,1.28733,1.50,2.63
2011.10.20 11:21:44.406,1.2869,1.28733,1.50,3.38
2011.10.20 11:21:44.766,1.28686,1.28733,1.13,2.25
2011.10.20 11:21:46.905,1.28684,1.28728,1.50,2.63
2011.10.20 11:21:47.027,1.2868,1.28728,1.50,2.63
2011.10.20 11:21:47.497,1.2868,1.28731,1.50,1.50
2011.10.20 11:21:47.951,1.28687,1.28733,1.13,3.00
2011.10.20 11:21:48.183,1.28687,1.28733,1.50,1.50
2011.10.20 11:21:50.670,1.28688,1.28733,1.50,1.50
2011.10.20 11:21:50.801,1.28686,1.28733,3.38,1.50
2011.10.20 11:21:51.162,1.28686,1.28733,2.63,1.50
2011.10.20 11:21:51.755,1.28688,1.28733,1.50,1.50
2011.10.20 11:21:51.995,1.28689,1.28733,1.13,1.50
2011.10.20 11:21:52.745,1.28688,1.28733,1.13,1.50
2011.10.20 11:21:53.491,1.28687,1.28733,2.63,3.38
2011.10.20 11:22:02.553,1.28687,1.28733,2.63,2.63
2011.10.20 11:22:14.018,1.28687,1.28734,1.50,1.88
2011.10.20 11:22:14.256,1.28695,1.28734,1.50,1.13
2011.10.20 11:22:15.000,1.28696,1.28737,2.63,1.13
2011.10.20 11:22:16.978,1.28697,1.2874,1.88,1.50
2011.10.20 11:22:17.318,1.28687,1.28737,1.50,1.50
2011.10.20 11:22:17.560,1.28681,1.28732,1.13,1.50
2011.10.20 11:22:18.030,1.28679,1.28723,1.50,2.63
2011.10.20 11:22:18.626,1.28679,1.28723,1.50,2.63
2011.10.20 11:22:19.098,1.28679,1.28727,1.50,1.50
2011.10.20 11:22:19.688,1.28687,1.28727,1.88,1.50
2011.10.20 11:22:19.809,1.28687,1.2873,3.38,1.50
2011.10.20 11:22:19.935,1.28688,1.28733,1.50,3.38
2011.10.20 11:22:20.060,1.28689,1.28733,1.13,1.50
2011.10.20 11:22:20.595,1.28697,1.28739,1.88,1.13
2011.10.20 11:22:26.467,1.28699,1.28739,1.50,1.13
2011.10.20 11:22:26.802,1.28707,1.28739,1.88,1.13
2011.10.20 11:22:28.396,1.28707,1.28744,2.63,1.50
2011.10.20 11:22:28.514,1.28707,1.28744,2.63,1.50
2011.10.20 11:22:29.340,1.28707,1.28744,1.88,1.50
2011.10.20 11:22:31.360,1.28707,1.28743,2.63,1.50
2011.10.20 11:22:31.833,1.28717,1.28743,1.50,1.50
2011.10.20 11:22:32.445,1.28717,1.28743,1.50,1.50
2011.10.20 11:22:33.041,1.28707,1.28743,1.50,1.50
2011.10.20 11:22:33.897,1.2871,1.28743,1.50,1.50
2011.10.20 11:22:34.136,1.28691,1.28735,1.50,1.50
2011.10.20 11:22:34.258,1.28697,1.28732,1.88,1.50
2011.10.20 11:22:34.944,1.28697,1.28723,1.88,1.50
2011.10.20 11:22:35.543,1.28689,1.28728,1.13,1.50
2011.10.20 11:22:37.954,1.28696,1.28728,1.88,1.50
2011.10.20 11:22:39.723,1.28696,1.28728,1.88,1.50
2011.10.20 11:22:42.150,1.28697,1.28734,1.88,1.50
2011.10.20 11:22:42.744,1.28696,1.28739,1.88,1.13
2011.10.20 11:22:43.096,1.28697,1.28738,1.88,1.13
2011.10.20 11:22:43.336,1.28706,1.28738,1.88,1.13
2011.10.20 11:22:45.031,1.28706,1.28739,1.88,1.13
2011.10.20 11:22:45.603,1.28717,1.28739,1.88,1.13
2011.10.20 11:22:47.506,1.28717,1.28735,1.88,1.50
2011.10.20 11:22:47.998,1.28706,1.28735,1.88,1.50
2011.10.20 11:22:50.238,1.28696,1.28743,1.88,2.25
2011.10.20 11:22:50.472,1.28707,1.28743,1.88,2.25
2011.10.20 11:22:52.413,1.28697,1.28743,1.88,2.25
2011.10.20 11:22:57.185,1.28707,1.28746,1.50,1.13
2011.10.20 11:22:57.302,1.28707,1.28746,1.50,1.13
2011.10.20 11:22:57.547,1.28717,1.28746,1.88,1.13
2011.10.20 11:22:57.778,1.28696,1.28737,1.88,1.50
2011.10.20 11:22:57.906,1.28696,1.28737,1.88,1.50
2011.10.20 11:22:58.147,1.28687,1.2873,2.63,1.50
2011.10.20 11:22:58.268,1.28687,1.28728,2.63,1.50
2011.10.20 11:22:58.747,1.28687,1.2873,3.38,1.50
2011.10.20 11:23:00.413,1.28696,1.28738,1.88,1.50
2011.10.20 11:23:00.986,1.2869,1.28738,1.50,1.50
2011.10.20 11:23:03.106,1.28697,1.28738,1.88,1.50
2011.10.20 11:23:04.607,1.2869,1.28738,1.50,1.50
2011.10.20 11:23:05.172,1.28689,1.28729,1.50,1.50
2011.10.20 11:23:05.801,1.28686,1.28734,3.38,3.38
2011.10.20 11:23:06.170,1.28693,1.28738,1.50,1.13
2011.10.20 11:23:06.772,1.28697,1.28738,1.88,1.13
2011.10.20 11:23:07.235,1.28704,1.28738,1.13,1.13
2011.10.20 11:23:07.367,1.28706,1.28738,1.88,1.13
2011.10.20 11:23:08.434,1.28706,1.28738,1.88,1.13
2011.10.20 11:23:09.759,1.28706,1.28738,1.88,1.13
2011.10.20 11:23:15.307,1.28696,1.28739,1.88,1.13
2011.10.20 11:23:16.464,1.28696,1.28742,2.63,1.13
2011.10.20 11:23:16.925,1.28707,1.28742,1.88,1.13
2011.10.20 11:23:17.497,1.28706,1.28742,1.88,1.13
2011.10.20 11:23:19.617,1.28697,1.28742,1.88,1.88
2011.10.20 11:23:19.734,1.28697,1.28742,1.88,1.88
2011.10.20 11:23:20.308,1.28696,1.28742,2.63,1.88
2011.10.20 11:23:21.566,1.28687,1.28734,1.50,1.50
2011.10.20 11:23:21.685,1.28687,1.28734,1.50,1.50
2011.10.20 11:23:22.444,1.28696,1.28734,1.88,1.50
2011.10.20 11:23:22.804,1.28696,1.2874,1.88,1.50
2011.10.20 11:23:23.825,1.28697,1.28742,1.50,1.13
2011.10.20 11:23:23.967,1.28696,1.28742,2.63,1.13
2011.10.20 11:23:25.269,1.28703,1.28742,1.50,1.13
2011.10.20 11:23:25.629,1.28704,1.28742,1.13,1.13
2011.10.20 11:23:25.878,1.28697,1.28742,2.63,1.13
2011.10.20 11:23:29.676,1.28698,1.2874,1.50,1.13
2011.10.20 11:23:29.806,1.28707,1.2874,1.88,1.13
2011.10.20 11:23:30.050,1.28705,1.2874,1.13,1.13
2011.10.20 11:23:30.419,1.28696,1.2874,2.63,1.13
2011.10.20 11:23:31.529,1.28687,1.28734,1.88,1.50
2011.10.20 11:23:31.875,1.28686,1.28734,1.88,1.88
2011.10.20 11:23:32.729,1.28686,1.28734,1.88,3.38
2011.10.20 11:23:33.484,1.28686,1.28734,2.63,3.38
2011.10.20 11:23:35.742,1.28686,1.2872,2.63,1.50
2011.10.20 11:23:35.988,1.28674,1.28712,1.50,1.50
2011.10.20 11:23:36.110,1.28678,1.28713,1.50,2.63
2011.10.20 11:23:36.480,1.28676,1.28718,2.25,1.50
2011.10.20 11:23:36.726,1.28676,1.28718,1.50,1.50
2011.10.20 11:23:36.845,1.28678,1.28718,1.50,1.50
2011.10.20 11:23:38.825,1.2868,1.28723,1.50,2.63
2011.10.20 11:23:39.164,1.28677,1.28723,3.38,2.63
2011.10.20 11:23:40.416,1.2869,1.28726,1.50,1.13
2011.10.20 11:23:40.844,1.2869,1.28727,1.50,1.13
2011.10.20 11:23:41.817,1.28697,1.2873,2.25,1.50
2011.10.20 11:23:42.179,1.28691,1.2873,1.50,1.13
2011.10.20 11:23:45.961,1.28691,1.28726,1.50,1.13
2011.10.20 11:23:46.092,1.28691,1.2873,1.50,1.13
2011.10.20 11:23:46.432,1.28691,1.28737,1.50,1.50
2011.10.20 11:23:50.139,1.28688,1.28737,2.25,1.50
2011.10.20 11:23:50.934,1.28697,1.28737,1.88,1.50
2011.10.20 11:23:51.528,1.28697,1.2874,2.63,1.13
2011.10.20 11:23:52.118,1.28698,1.2874,1.13,1.13
2011.10.20 11:23:52.591,1.28697,1.2874,2.63,1.13
2011.10.20 11:23:52.726,1.28702,1.28744,1.50,1.13
2011.10.20 11:23:52.853,1.28702,1.28744,1.50,1.13
2011.10.20 11:23:53.100,1.28707,1.28739,1.88,1.13
2011.10.20 11:23:53.231,1.28702,1.2874,1.50,1.13
2011.10.20 11:23:53.598,1.28697,1.28737,1.88,1.50
2011.10.20 11:23:53.726,1.28697,1.28737,1.13,1.50
2011.10.20 11:23:53.850,1.28691,1.28737,1.13,1.50
2011.10.20 11:23:53.978,1.28696,1.28737,2.63,1.50
2011.10.20 11:23:54.639,1.28697,1.28739,2.63,1.13
2011.10.20 11:23:54.781,1.28697,1.28735,1.88,1.50
2011.10.20 11:23:54.911,1.28687,1.28735,5.10,1.50
2011.10.20 11:23:55.160,1.28687,1.28728,2.63,1.50
2011.10.20 11:23:55.527,1.28687,1.28729,1.88,1.50
2011.10.20 11:23:55.650,1.28687,1.2873,2.63,1.50
2011.10.20 11:23:55.781,1.2869,1.28737,1.50,1.50
2011.10.20 11:23:56.417,1.28697,1.2874,1.88,1.13
2011.10.20 11:23:56.915,1.28696,1.28741,1.88,1.50
2011.10.20 11:23:57.037,1.28696,1.28741,1.88,1.50
2011.10.20 11:23:58.159,1.28706,1.28743,1.88,1.50
2011.10.20 11:23:58.869,1.28707,1.28741,1.88,1.50
2011.10.20 11:23:59.270,1.28704,1.28746,1.50,1.13
2011.10.20 11:24:02.294,1.28704,1.28745,1.50,1.13
2011.10.20 11:24:02.413,1.28717,1.28745,1.88,1.13
2011.10.20 11:24:02.999,1.28716,1.28745,1.88,1.13
2011.10.20 11:24:03.366,1.28707,1.28745,1.88,1.13
2011.10.20 11:24:03.939,1.28707,1.28741,1.88,1.50
2011.10.20 11:24:04.294,1.28696,1.28741,1.88,1.50
2011.10.20 11:24:04.418,1.28696,1.28741,1.88,1.50
2011.10.20 11:24:04.973,1.28693,1.28741,1.50,1.50
2011.10.20 11:24:05.368,1.28687,1.28733,2.63,1.50
2011.10.20 11:24:05.608,1.2869,1.28739,1.50,2.25
2011.10.20 11:24:05.738,1.2869,1.28742,2.25,1.50
2011.10.20 11:24:05.986,1.2869,1.28742,1.50,1.50
2011.10.20 11:24:06.224,1.28687,1.28734,2.63,1.50
2011.10.20 11:24:06.346,1.28687,1.28734,1.88,1.50
2011.10.20 11:24:07.276,1.2869,1.28734,1.50,1.50
2011.10.20 11:24:07.399,1.2869,1.28734,1.50,1.50
2011.10.20 11:24:09.884,1.28687,1.28734,2.63,1.50
2011.10.20 11:24:10.014,1.28687,1.28733,1.88,1.50
2011.10.20 11:24:12.465,1.28687,1.28734,2.63,1.50
2011.10.20 11:24:16.612,1.2869,1.2874,2.25,1.50
2011.10.20 11:24:17.077,1.28697,1.2874,1.88,1.50
2011.10.20 11:24:17.195,1.2869,1.2874,2.25,1.50
2011.10.20 11:24:19.520,1.28698,1.28742,1.50,1.13
2011.10.20 11:24:19.772,1.28698,1.28741,1.50,1.13
2011.10.20 11:24:19.900,1.28704,1.28741,1.50,1.13
2011.10.20 11:24:20.492,1.28706,1.28741,1.13,1.13
2011.10.20 11:24:21.279,1.28706,1.28741,1.13,1.13
2011.10.20 11:24:23.343,1.28704,1.28741,1.50,1.13
2011.10.20 11:24:23.694,1.28704,1.28742,1.50,1.13
2011.10.20 11:24:23.924,1.28696,1.28742,1.13,1.88
2011.10.20 11:24:26.363,1.28697,1.28742,1.88,1.88
2011.10.20 11:24:26.897,1.28697,1.28742,2.63,1.50
2011.10.20 11:24:27.249,1.28704,1.28743,1.50,1.13
2011.10.20 11:24:27.837,1.28707,1.28745,2.63,1.13
2011.10.20 11:24:28.081,1.28709,1.28745,1.13,1.13
2011.10.20 11:24:28.573,1.28707,1.28745,2.63,1.13
2011.10.20 11:24:29.666,1.28707,1.28745,1.88,1.13
2011.10.20 11:24:29.786,1.28707,1.28745,1.88,1.13
2011.10.20 11:24:37.819,1.28699,1.28745,1.50,1.13
2011.10.20 11:24:37.948,1.28699,1.28745,1.50,1.13
2011.10.20 11:24:38.067,1.28699,1.28745,1.50,1.13
2011.10.20 11:24:38.415,1.2871,1.28746,1.13,1.13
2011.10.20 11:24:38.538,1.28708,1.28746,1.50,1.50
2011.10.20 11:24:39.038,1.28708,1.28746,1.50,1.50
2011.10.20 11:24:39.170,1.28686,1.2873,3.38,1.50
2011.10.20 11:24:39.300,1.28686,1.2873,2.63,1.50
2011.10.20 11:24:39.656,1.2869,1.28741,1.50,1.50
2011.10.20 11:24:39.995,1.28695,1.28741,1.13,1.50
2011.10.20 11:24:40.361,1.28687,1.28739,2.63,1.50
2011.10.20 11:24:40.605,1.28688,1.28737,1.50,1.50
2011.10.20 11:24:49.995,1.28688,1.28733,1.50,2.63
2011.10.20 11:24:50.361,1.28699,1.28738,1.50,1.13
2011.10.20 11:24:50.730,1.28707,1.28738,1.88,1.13
2011.10.20 11:24:50.976,1.28697,1.28742,3.00,1.13
2011.10.20 11:24:51.537,1.28702,1.28743,1.50,1.13
2011.10.20 11:24:51.890,1.28707,1.28743,1.50,1.13
2011.10.20 11:24:52.247,1.28707,1.28743,1.50,1.13
2011.10.20 11:24:52.854,1.28706,1.28743,1.13,1.13
2011.10.20 11:24:57.509,1.28707,1.28749,2.63,1.13
2011.10.20 11:25:00.746,1.28717,1.28748,3.00,1.13
2011.10.20 11:25:00.869,1.28717,1.28749,3.75,1.13
2011.10.20 11:25:01.128,1.28716,1.28748,3.60,1.13
2011.10.20 11:25:01.386,1.28711,1.28744,1.50,1.13
2011.10.20 11:25:01.513,1.2871,1.28744,1.50,1.13
2011.10.20 11:25:01.643,1.28703,1.28741,1.50,1.50
2011.10.20 11:25:01.772,1.28686,1.28734,4.13,1.50
2011.10.20 11:25:02.138,1.28686,1.28734,3.38,1.50
2011.10.20 11:25:02.734,1.28686,1.28733,3.38,1.13
2011.10.20 11:25:02.975,1.28686,1.28733,4.13,1.13
2011.10.20 11:25:03.325,1.28693,1.28732,1.50,1.13
2011.10.20 11:25:03.944,1.28693,1.28733,1.50,1.13
2011.10.20 11:25:04.286,1.28688,1.28733,2.25,1.13
2011.10.20 11:25:04.524,1.2869,1.28733,1.50,1.13
2011.10.20 11:25:04.939,1.2869,1.28733,1.50,1.13
2011.10.20 11:25:07.909,1.2869,1.28731,1.50,1.13
2011.10.20 11:25:08.755,1.2869,1.2873,1.50,1.13
2011.10.20 11:25:09.419,1.28686,1.28729,2.63,1.50
2011.10.20 11:25:09.764,1.28686,1.28731,2.63,1.13
2011.10.20 11:25:11.524,1.28686,1.28731,2.63,1.13
2011.10.20 11:25:11.768,1.28692,1.28735,1.50,2.26
2011.10.20 11:25:12.284,1.28695,1.28731,1.50,1.13
2011.10.20 11:25:12.413,1.28697,1.28731,2.63,1.13
2011.10.20 11:25:16.007,1.28697,1.28731,2.63,1.13
2011.10.20 11:25:16.568,1.28697,1.28731,3.00,1.13
2011.10.20 11:25:16.710,1.28706,1.28742,2.63,1.13
2011.10.20 11:25:16.841,1.28703,1.28743,1.50,1.13
2011.10.20 11:25:17.089,1.28696,1.28739,1.13,1.50
2011.10.20 11:25:17.220,1.28697,1.28739,1.88,1.50
2011.10.20 11:25:17.818,1.28693,1.28739,1.13,1.50
2011.10.20 11:25:19.532,1.2869,1.28739,1.50,1.50
2011.10.20 11:25:19.898,1.28687,1.28734,1.88,1.50
2011.10.20 11:25:20.027,1.28687,1.28734,2.63,1.50
2011.10.20 11:25:20.364,1.28687,1.28734,2.63,1.50
2011.10.20 11:25:21.828,1.28687,1.28733,2.63,1.13
2011.10.20 11:25:21.947,1.28691,1.28733,1.50,1.13
2011.10.20 11:25:22.066,1.28687,1.28733,2.63,1.13
2011.10.20 11:25:22.415,1.2868,1.28727,1.50,1.50
2011.10.20 11:25:22.536,1.2868,1.28724,1.50,1.13
2011.10.20 11:25:23.009,1.28682,1.28727,1.50,1.50
2011.10.20 11:25:23.137,1.28682,1.28734,1.50,2.63
2011.10.20 11:25:23.258,1.28688,1.28734,1.50,1.88
2011.10.20 11:25:24.155,1.28691,1.28733,1.13,1.50
2011.10.20 11:25:28.885,1.2869,1.28733,1.13,1.50
2011.10.20 11:25:29.756,1.28697,1.28733,1.88,1.50
2011.10.20 11:25:34.577,1.2869,1.2874,2.25,1.50
2011.10.20 11:25:34.704,1.287,1.28742,1.50,1.13
2011.10.20 11:25:35.066,1.28702,1.28742,1.13,1.13
2011.10.20 11:25:35.307,1.28697,1.28742,1.88,1.88
2011.10.20 11:25:35.431,1.28697,1.28739,1.88,1.50
2011.10.20 11:25:36.191,1.28696,1.28739,1.88,2.25
2011.10.20 11:25:37.037,1.28696,1.28739,2.63,1.50
2011.10.20 11:25:37.169,1.287,1.28735,1.50,1.50
2011.10.20 11:25:37.529,1.28707,1.28736,1.88,1.13
2011.10.20 11:25:37.778,1.28707,1.28736,1.88,1.13
2011.10.20 11:25:38.022,1.28707,1.28736,1.88,1.13
2011.10.20 11:25:38.267,1.28697,1.28737,2.63,1.13
2011.10.20 11:25:38.386,1.28697,1.28736,1.88,1.13
2011.10.20 11:25:39.270,1.28696,1.28737,1.88,1.13
2011.10.20 11:25:39.715,1.28697,1.28737,1.88,1.13
2011.10.20 11:25:43.728,1.28706,1.28737,1.88,1.13
2011.10.20 11:25:47.353,1.28706,1.28737,1.88,1.13
2011.10.20 11:25:47.474,1.28696,1.28737,1.88,1.13
2011.10.20 11:25:48.128,1.28697,1.28737,1.88,1.13
2011.10.20 11:25:49.142,1.28697,1.28737,1.88,1.13
2011.10.20 11:25:50.257,1.28697,1.28735,1.88,1.50
2011.10.20 11:25:50.855,1.28696,1.28735,1.88,1.50
2011.10.20 11:25:53.428,1.28696,1.28736,1.88,1.50
2011.10.20 11:25:56.182,1.28696,1.28736,1.88,1.50
2011.10.20 11:25:56.648,1.28696,1.28736,1.88,1.88
2011.10.20 11:25:57.116,1.28687,1.28729,2.63,1.50
2011.10.20 11:25:57.238,1.28689,1.28734,1.50,1.13
2011.10.20 11:25:57.792,1.28696,1.28736,1.13,1.13
2011.10.20 11:25:58.043,1.28696,1.2874,2.63,1.13
2011.10.20 11:25:59.441,1.28696,1.2874,2.63,1.13
2011.10.20 11:25:59.806,1.28688,1.28733,1.50,1.50
2011.10.20 11:26:00.300,1.28681,1.28732,1.50,1.50
2011.10.20 11:26:00.440,1.28679,1.28718,1.50,1.50
2011.10.20 11:26:00.573,1.28679,1.28721,1.50,1.50
2011.10.20 11:26:00.703,1.28681,1.28722,1.50,1.50
2011.10.20 11:26:00.951,1.28689,1.28724,1.50,1.88
2011.10.20 11:26:01.538,1.28694,1.28733,1.50,1.88
2011.10.20 11:26:02.075,1.28694,1.28734,1.50,2.63
2011.10.20 11:26:02.210,1.28711,1.28735,1.50,1.13
2011.10.20 11:26:02.329,1.28711,1.28743,1.50,1.50
2011.10.20 11:26:02.936,1.28711,1.28738,1.50,1.13
2011.10.20 11:26:03.290,1.28698,1.28738,1.50,1.13
2011.10.20 11:26:04.355,1.28698,1.2874,1.50,1.13
2011.10.20 11:26:06.290,1.28698,1.2874,1.50,1.50
2011.10.20 11:26:06.526,1.28705,1.28746,1.13,1.13
2011.10.20 11:26:07.341,1.28707,1.28746,1.88,1.13
2011.10.20 11:26:07.474,1.28707,1.28746,1.88,1.13
2011.10.20 11:26:07.593,1.28707,1.28746,1.88,1.13
2011.10.20 11:26:09.015,1.28707,1.28746,2.63,1.13
2011.10.20 11:26:09.364,1.28717,1.28746,1.88,1.13
2011.10.20 11:26:10.673,1.28716,1.28746,1.88,1.13
2011.10.20 11:26:12.878,1.2871,1.28746,1.50,1.13
2011.10.20 11:26:13.007,1.2871,1.28746,1.50,1.13
2011.10.20 11:26:13.357,1.287,1.28745,1.50,1.13
2011.10.20 11:26:13.474,1.28706,1.28745,1.88,1.13
2011.10.20 11:26:13.812,1.28706,1.28745,1.88,1.13
2011.10.20 11:26:14.475,1.28699,1.28744,1.50,1.13
2011.10.20 11:26:16.014,1.28694,1.28739,1.13,1.50
2011.10.20 11:26:16.585,1.28696,1.28739,1.88,1.50
2011.10.20 11:26:20.138,1.28694,1.28739,1.13,1.50
2011.10.20 11:26:20.962,1.28695,1.28739,1.13,1.50
2011.10.20 11:26:21.408,1.28691,1.28739,2.25,1.50
2011.10.20 11:26:21.529,1.28693,1.28739,1.50,1.50
2011.10.20 11:26:21.910,1.28696,1.28739,1.88,1.50
2011.10.20 11:26:23.225,1.28709,1.28745,1.13,1.50
2011.10.20 11:26:23.468,1.28714,1.28748,1.50,1.13
2011.10.20 11:26:23.587,1.28708,1.28748,2.25,1.13
2011.10.20 11:26:23.946,1.28707,1.28745,1.88,1.13
2011.10.20 11:26:24.548,1.28696,1.28741,1.88,1.50
2011.10.20 11:26:25.485,1.28697,1.28741,1.88,1.50
2011.10.20 11:26:25.846,1.28696,1.28741,1.88,1.50
2011.10.20 11:26:26.182,1.28707,1.28741,1.88,1.50
2011.10.20 11:26:27.761,1.28697,1.28736,1.88,1.13
2011.10.20 11:26:27.894,1.28696,1.28736,1.88,1.13
2011.10.20 11:26:28.914,1.28686,1.28724,1.13,1.50
2011.10.20 11:26:29.165,1.28676,1.28724,1.50,2.63
2011.10.20 11:26:29.845,1.28677,1.28724,1.50,4.13
2011.10.20 11:26:29.978,1.28676,1.28718,1.50,1.88
2011.10.20 11:26:30.098,1.28677,1.28723,1.50,2.63
2011.10.20 11:26:30.334,1.28677,1.28725,1.50,1.50
2011.10.20 11:26:30.685,1.28687,1.28725,1.88,1.50
2011.10.20 11:26:33.508,1.28677,1.28725,1.50,1.50
2011.10.20 11:26:34.794,1.28677,1.28727,2.10,2.25
2011.10.20 11:26:34.916,1.28686,1.28734,1.50,3.38
2011.10.20 11:26:35.391,1.28691,1.28734,1.50,2.63
2011.10.20 11:26:35.746,1.28691,1.28734,1.50,2.63
2011.10.20 11:26:40.298,1.28699,1.28726,1.50,1.13
2011.10.20 11:26:40.829,1.28693,1.28728,1.50,1.13
2011.10.20 11:26:40.966,1.28703,1.28728,1.50,1.13
2011.10.20 11:26:41.206,1.28697,1.28726,1.50,1.13
2011.10.20 11:26:46.606,1.28702,1.28727,1.50,1.13
2011.10.20 11:26:54.505,1.28702,1.28741,1.50,1.13
2011.10.20 11:26:54.763,1.28718,1.28742,1.50,1.13
2011.10.20 11:26:55.012,1.28718,1.2874,1.50,1.13
2011.10.20 11:26:55.737,1.28709,1.2874,1.50,1.13
2011.10.20 11:26:55.857,1.28708,1.2874,1.50,1.13
2011.10.20 11:26:57.083,1.28716,1.28742,1.88,1.50
2011.10.20 11:26:58.077,1.28716,1.28743,1.88,1.50
2011.10.20 11:26:59.881,1.28716,1.28742,1.88,1.50
2011.10.20 11:27:00.196,1.28716,1.28742,1.88,1.50
2011.10.20 11:27:02.557,1.28708,1.28742,1.50,1.50
2011.10.20 11:27:02.797,1.28699,1.28739,1.50,1.50
2011.10.20 11:27:03.025,1.28701,1.28739,1.50,1.50
2011.10.20 11:27:04.913,1.28716,1.28736,1.88,1.50
2011.10.20 11:27:06.107,1.28708,1.28736,1.50,1.50
2011.10.20 11:27:07.219,1.28711,1.28736,1.13,1.50
2011.10.20 11:27:07.769,1.28717,1.28739,1.88,1.50
2011.10.20 11:27:09.261,1.28717,1.28742,1.88,1.50
2011.10.20 11:27:09.386,1.28717,1.28753,1.88,1.88
2011.10.20 11:27:15.902,1.28717,1.28752,2.63,1.13
2011.10.20 11:27:16.031,1.28726,1.28752,1.13,1.13
2011.10.20 11:27:16.394,1.28731,1.28754,1.50,1.13
2011.10.20 11:27:17.190,1.28721,1.28758,1.50,1.13
2011.10.20 11:27:17.326,1.28716,1.28758,2.63,1.13
2011.10.20 11:27:17.829,1.28716,1.28758,1.88,1.13
2011.10.20 11:27:19.875,1.28716,1.28758,1.88,1.13
2011.10.20 11:27:20.226,1.28717,1.28759,1.13,1.13
2011.10.20 11:27:20.345,1.28722,1.28759,1.13,1.13
2011.10.20 11:27:20.806,1.28726,1.28759,1.88,1.13
2011.10.20 11:27:21.034,1.2872,1.28759,1.50,1.13
2011.10.20 11:27:21.157,1.2872,1.28758,1.50,1.13
2011.10.20 11:27:22.414,1.2872,1.28758,1.50,1.13
2011.10.20 11:27:22.534,1.2872,1.28759,1.50,1.13
2011.10.20 11:27:22.659,1.28726,1.28759,1.88,1.13
2011.10.20 11:27:22.913,1.28728,1.28759,1.50,1.13
2011.10.20 11:27:23.040,1.28737,1.28759,1.88,1.13
2011.10.20 11:27:23.172,1.28728,1.28758,1.50,1.13
2011.10.20 11:27:23.303,1.28722,1.28758,2.10,1.13
2011.10.20 11:27:23.428,1.28722,1.28758,2.10,1.13
2011.10.20 11:27:23.545,1.28722,1.28758,1.50,1.13
2011.10.20 11:27:23.669,1.28707,1.28754,4.13,2.10
2011.10.20 11:27:23.796,1.28707,1.28754,2.63,2.10
2011.10.20 11:27:24.025,1.28706,1.28745,1.88,1.50
2011.10.20 11:27:24.779,1.28706,1.28745,2.63,1.50
2011.10.20 11:27:24.897,1.28706,1.28745,1.88,1.50
2011.10.20 11:27:25.014,1.28706,1.28745,1.88,1.50
2011.10.20 11:27:27.099,1.28696,1.28736,2.63,1.50
2011.10.20 11:27:27.456,1.28696,1.28728,2.25,1.50
2011.10.20 11:27:27.815,1.28686,1.28728,1.13,1.50
2011.10.20 11:27:29.028,1.28687,1.28728,2.63,1.50
2011.10.20 11:27:29.406,1.28694,1.28728,1.50,1.88
2011.10.20 11:27:29.528,1.28694,1.28732,1.50,1.13
2011.10.20 11:27:30.389,1.28701,1.28732,1.50,1.13
2011.10.20 11:27:34.478,1.28701,1.28732,1.50,1.13
2011.10.20 11:27:35.101,1.28698,1.28732,1.50,1.13
2011.10.20 11:27:36.134,1.28698,1.28732,1.50,1.13
2011.10.20 11:27:37.363,1.28698,1.28734,1.50,2.63
2011.10.20 11:27:38.605,1.28701,1.28736,1.50,1.13
2011.10.20 11:27:40.656,1.28701,1.28736,1.50,1.13
2011.10.20 11:27:42.538,1.28701,1.28736,1.50,1.13
2011.10.20 11:27:43.626,1.28701,1.28736,1.50,1.13
2011.10.20 11:27:43.748,1.28702,1.28736,1.50,1.13
2011.10.20 11:27:44.217,1.28698,1.28736,1.50,1.13
2011.10.20 11:27:45.933,1.28687,1.28733,2.63,2.63
2011.10.20 11:27:46.722,1.28687,1.28733,1.88,2.63
2011.10.20 11:27:47.489,1.28685,1.28729,1.50,2.63
2011.10.20 11:27:48.651,1.2868,1.28729,1.50,4.13
2011.10.20 11:27:48.780,1.2868,1.28718,1.50,1.88
2011.10.20 11:27:53.371,1.2868,1.28723,1.50,2.63
2011.10.20 11:27:53.945,1.28683,1.28723,1.50,2.63
2011.10.20 11:27:58.348,1.28683,1.28723,1.50,2.63
2011.10.20 11:27:58.584,1.28678,1.28723,1.50,2.63
2011.10.20 11:27:58.705,1.28678,1.28718,1.50,1.88
2011.10.20 11:27:59.406,1.28678,1.28718,1.50,1.88
2011.10.20 11:28:00.281,1.28668,1.28717,1.50,1.50
2011.10.20 11:28:00.409,1.28673,1.28714,1.50,2.63
2011.10.20 11:28:00.538,1.28676,1.28722,1.50,1.50
2011.10.20 11:28:00.658,1.28681,1.28732,1.50,1.88
2011.10.20 11:28:01.007,1.28689,1.28732,1.50,1.13
2011.10.20 11:28:01.628,1.28704,1.28732,1.50,1.13
2011.10.20 11:28:02.538,1.28698,1.28732,1.50,1.13
2011.10.20 11:28:02.657,1.28696,1.28736,3.38,1.13
2011.10.20 11:28:03.218,1.28696,1.28731,3.38,1.13
2011.10.20 11:28:03.575,1.28697,1.28731,2.63,1.13
2011.10.20 11:28:03.931,1.28698,1.28732,1.50,1.13
2011.10.20 11:28:04.512,1.28707,1.28729,2.63,1.13
2011.10.20 11:28:04.877,1.28716,1.28729,1.88,1.13
2011.10.20 11:28:05.239,1.28721,1.2873,1.50,1.13
2011.10.20 11:28:05.360,1.28716,1.2873,1.88,1.13
2011.10.20 11:28:05.495,1.28716,1.2873,1.88,1.13
2011.10.20 11:28:05.621,1.28707,1.2873,1.88,1.13
2011.10.20 11:28:05.868,1.28698,1.2873,1.50,1.13
2011.10.20 11:28:08.366,1.28698,1.2873,1.50,1.13
2011.10.20 11:28:08.828,1.28706,1.2873,1.50,1.13
2011.10.20 11:28:10.705,1.28717,1.28729,1.50,1.13
2011.10.20 11:28:12.433,1.28717,1.28729,1.50,1.13
2011.10.20 11:28:13.544,1.28706,1.2873,3.38,1.13
2011.10.20 11:28:13.791,1.28696,1.28729,1.88,1.13
2011.10.20 11:28:14.036,1.28696,1.2873,1.88,1.13
2011.10.20 11:28:14.156,1.28692,1.2873,1.50,1.13
2011.10.20 11:28:14.383,1.28696,1.2873,1.88,1.13
2011.10.20 11:28:15.664,1.28696,1.2873,1.88,1.13
2011.10.20 11:28:15.908,1.28694,1.28729,1.13,1.13
2011.10.20 11:28:16.134,1.28692,1.28729,1.50,1.13
2011.10.20 11:28:17.768,1.28682,1.28729,1.50,1.13
2011.10.20 11:28:18.561,1.28684,1.28729,1.50,2.63
2011.10.20 11:28:20.849,1.28692,1.28729,1.50,1.13
2011.10.20 11:28:22.245,1.28692,1.2873,1.50,1.13
2011.10.20 11:28:23.107,1.28687,1.28729,1.13,1.13
2011.10.20 11:28:23.228,1.28687,1.28729,1.13,1.13
2011.10.20 11:28:23.697,1.28687,1.28729,1.13,1.13
2011.10.20 11:28:24.170,1.28684,1.28729,1.50,1.13
2011.10.20 11:28:25.413,1.28686,1.28729,1.50,1.13
2011.10.20 11:28:25.764,1.28686,1.28728,1.50,1.13
2011.10.20 11:28:26.702,1.28686,1.28728,1.50,1.13
2011.10.20 11:28:27.753,1.28691,1.28729,1.50,1.13
2011.10.20 11:28:28.391,1.28692,1.28724,1.50,1.13
2011.10.20 11:28:28.636,1.28692,1.28724,1.50,1.13
2011.10.20 11:28:28.766,1.28692,1.28723,1.50,1.13
2011.10.20 11:28:29.376,1.28697,1.28723,1.88,1.13
2011.10.20 11:28:30.074,1.28692,1.28723,1.50,1.13
2011.10.20 11:28:31.397,1.28692,1.28723,1.50,1.13
2011.10.20 11:28:34.710,1.28678,1.28724,1.50,1.13
2011.10.20 11:28:34.960,1.28676,1.28724,1.50,1.13
2011.10.20 11:28:35.647,1.28696,1.28725,1.13,1.13
2011.10.20 11:28:35.769,1.28696,1.28735,1.13,1.13
2011.10.20 11:28:38.126,1.2869,1.28735,1.50,1.13
2011.10.20 11:28:38.486,1.28695,1.28735,1.50,1.88
2011.10.20 11:28:40.578,1.287,1.28736,1.50,1.13
2011.10.20 11:28:46.206,1.28706,1.28736,1.50,1.13
2011.10.20 11:28:46.659,1.28707,1.28748,1.88,1.13
2011.10.20 11:28:46.787,1.28707,1.28754,3.38,1.50
2011.10.20 11:28:47.372,1.28714,1.28754,1.50,1.50
2011.10.20 11:28:47.627,1.28707,1.28745,1.88,1.13
2011.10.20 11:28:48.823,1.28707,1.28745,1.88,1.13
2011.10.20 11:28:49.068,1.28698,1.28745,1.50,1.13
2011.10.20 11:28:49.425,1.28697,1.28739,2.63,1.50
2011.10.20 11:28:50.076,1.28697,1.28739,1.88,1.50
2011.10.20 11:28:50.307,1.28697,1.2874,1.88,1.50
2011.10.20 11:28:50.540,1.28697,1.28745,2.63,1.88
2011.10.20 11:28:50.895,1.28706,1.28745,1.88,1.13
2011.10.20 11:28:52.785,1.28705,1.28745,1.13,1.88
2011.10.20 11:28:53.363,1.28705,1.28745,1.13,1.13
2011.10.20 11:28:53.885,1.28705,1.28745,1.13,1.88
2011.10.20 11:28:54.449,1.28705,1.28745,1.13,1.88
2011.10.20 11:28:59.621,1.28706,1.28745,1.13,1.50
2011.10.20 11:28:59.752,1.28707,1.28745,1.50,1.50
2011.10.20 11:29:00.254,1.28716,1.28749,1.88,1.13
2011.10.20 11:29:00.833,1.28717,1.28747,1.88,1.50
2011.10.20 11:29:07.547,1.28736,1.28757,1.88,1.50
2011.10.20 11:29:10.244,1.28726,1.28757,2.63,1.50
2011.10.20 11:29:11.430,1.28734,1.28757,1.50,1.50
2011.10.20 11:29:12.008,1.28737,1.28757,1.88,1.50
2011.10.20 11:29:13.042,1.28727,1.2876,2.63,1.50
2011.10.20 11:29:14.971,1.28716,1.2875,1.88,1.50
2011.10.20 11:29:15.105,1.28717,1.28748,1.88,1.50
2011.10.20 11:29:15.232,1.28717,1.28748,1.88,1.50
2011.10.20 11:29:16.101,1.28716,1.2875,1.88,1.50
2011.10.20 11:29:16.665,1.28717,1.28748,1.88,1.50
2011.10.20 11:29:17.379,1.28716,1.28748,1.88,1.50
2011.10.20 11:29:17.626,1.28708,1.28748,1.50,1.50
2011.10.20 11:29:17.745,1.28706,1.28748,4.13,1.50
2011.10.20 11:29:18.296,1.28706,1.28746,2.63,1.50
2011.10.20 11:29:18.755,1.28715,1.28748,1.50,1.50
2011.10.20 11:29:19.000,1.28715,1.28755,2.25,1.50
2011.10.20 11:29:19.255,1.28711,1.2875,1.50,2.48
2011.10.20 11:29:19.504,1.28714,1.2875,1.50,2.48
2011.10.20 11:29:19.857,1.28717,1.28752,1.88,1.50
2011.10.20 11:29:21.366,1.28712,1.28752,2.25,1.50
2011.10.20 11:29:21.598,1.28707,1.28747,1.88,1.50
2011.10.20 11:29:21.720,1.28707,1.28747,1.88,1.50
2011.10.20 11:29:22.278,1.28707,1.28747,1.88,1.50
2011.10.20 11:29:25.084,1.28699,1.28747,1.50,1.50
2011.10.20 11:29:25.678,1.28699,1.28744,1.50,1.13
2011.10.20 11:29:25.796,1.28697,1.28738,1.88,1.50
2011.10.20 11:29:26.878,1.28689,1.28738,2.25,1.50
2011.10.20 11:29:27.111,1.2869,1.28738,1.50,1.50
2011.10.20 11:29:27.465,1.28696,1.28738,2.63,1.50
2011.10.20 11:29:27.824,1.28697,1.28744,2.25,1.13
2011.10.20 11:29:27.943,1.28699,1.28747,1.50,1.88
2011.10.20 11:29:28.067,1.28704,1.28751,1.50,2.26
2011.10.20 11:29:28.760,1.28706,1.28748,1.13,1.50
2011.10.20 11:29:29.625,1.28707,1.28748,3.38,1.88
2011.10.20 11:29:29.996,1.28707,1.28752,3.38,2.26
2011.10.20 11:29:30.237,1.287,1.28748,1.50,1.13
2011.10.20 11:29:30.357,1.28698,1.28748,1.50,1.13
2011.10.20 11:29:30.716,1.28697,1.28744,1.88,1.50
2011.10.20 11:29:31.074,1.28693,1.28739,1.13,1.50
2011.10.20 11:29:32.061,1.28697,1.28738,1.88,1.50
2011.10.20 11:29:32.425,1.28696,1.28738,2.63,1.50
2011.10.20 11:29:32.655,1.28707,1.28738,1.88,1.50
2011.10.20 11:29:33.383,1.28701,1.28739,1.13,1.50
2011.10.20 11:29:33.604,1.28701,1.28746,1.13,1.50
2011.10.20 11:29:34.557,1.287,1.28746,1.13,1.50
2011.10.20 11:29:35.762,1.28701,1.28746,1.13,1.50
2011.10.20 11:29:36.115,1.28706,1.28746,1.88,1.88
2011.10.20 11:29:36.576,1.28706,1.28746,2.63,1.88
2011.10.20 11:29:37.258,1.28706,1.28746,1.88,1.50
2011.10.20 11:29:37.861,1.28704,1.28746,1.13,1.50
2011.10.20 11:29:37.984,1.28707,1.28746,1.13,1.50
2011.10.20 11:29:39.319,1.28709,1.28757,1.50,1.50
2011.10.20 11:29:40.227,1.28709,1.28757,1.50,1.50
2011.10.20 11:29:40.705,1.28716,1.28759,3.38,2.48
2011.10.20 11:29:41.068,1.28716,1.28753,1.88,1.50
2011.10.20 11:29:41.578,1.28706,1.2875,2.63,1.50
2011.10.20 11:29:42.217,1.28707,1.2875,1.88,3.23
2011.10.20 11:29:43.025,1.28707,1.28746,1.88,2.48
2011.10.20 11:29:43.365,1.28702,1.2875,1.13,1.50
2011.10.20 11:29:43.485,1.28706,1.28745,2.63,1.50
2011.10.20 11:29:43.605,1.28706,1.28748,2.63,1.50
2011.10.20 11:29:44.768,1.28706,1.28748,2.63,1.50
2011.10.20 11:29:46.457,1.28706,1.28752,3.38,1.50
2011.10.20 11:29:46.706,1.28696,1.28739,2.63,1.50
2011.10.20 11:29:46.830,1.28691,1.28734,1.50,1.88
2011.10.20 11:29:47.325,1.28691,1.28734,1.50,2.63
2011.10.20 11:29:47.570,1.28691,1.28734,1.50,2.63
2011.10.20 11:29:48.243,1.28691,1.28734,1.50,1.88
2011.10.20 11:29:52.376,1.28691,1.28739,1.50,1.50
2011.10.20 11:29:52.833,1.28696,1.2874,2.63,1.50
2011.10.20 11:29:53.364,1.28707,1.2874,1.88,1.50
2011.10.20 11:29:53.485,1.28707,1.28744,1.88,1.50
2011.10.20 11:29:54.944,1.28698,1.28744,1.50,3.38
2011.10.20 11:29:55.069,1.28698,1.28743,1.50,1.50
2011.10.20 11:29:55.196,1.28696,1.28739,2.63,1.50
2011.10.20 11:29:55.812,1.28696,1.28738,2.63,1.50
2011.10.20 11:29:56.286,1.28696,1.28738,2.63,1.50
2011.10.20 11:29:57.695,1.28696,1.28734,1.13,1.50
2011.10.20 11:29:58.469,1.28694,1.28732,1.50,1.50
2011.10.20 11:29:58.925,1.28686,1.28732,2.63,1.50
2011.10.20 11:29:59.043,1.28694,1.28732,1.50,1.50
2011.10.20 11:29:59.806,1.28692,1.28734,1.50,2.63
2011.10.20 11:30:00.347,1.28694,1.28734,1.50,2.25
2011.10.20 11:30:01.963,1.28697,1.2874,1.13,1.50
2011.10.20 11:30:05.015,1.28697,1.2874,1.13,1.50
2011.10.20 11:30:06.017,1.28697,1.2874,1.13,1.50
2011.10.20 11:30:09.007,1.28694,1.28734,1.50,1.13
2011.10.20 11:30:10.105,1.28697,1.28738,1.13,1.06
2011.10.20 11:30:10.232,1.28692,1.28736,1.50,1.13
2011.10.20 11:30:14.833,1.28692,1.28734,1.50,1.13
2011.10.20 11:30:16.448,1.28692,1.28736,1.50,1.13
2011.10.20 11:30:18.444,1.28692,1.28736,1.50,1.13
2011.10.20 11:30:20.239,1.28692,1.2874,1.50,1.50
2011.10.20 11:30:25.775,1.28692,1.2874,1.50,1.50
2011.10.20 11:30:26.113,1.28691,1.2874,1.50,1.50
2011.10.20 11:30:28.593,1.28692,1.2874,1.50,1.50
2011.10.20 11:30:28.933,1.28692,1.2874,1.50,1.50
2011.10.20 11:30:29.997,1.28692,1.28739,1.50,1.13
2011.10.20 11:30:33.574,1.28692,1.2874,1.50,1.50
2011.10.20 11:30:33.804,1.28695,1.2874,1.13,1.50
2011.10.20 11:30:34.286,1.28701,1.28743,1.50,3.38
2011.10.20 11:30:34.408,1.28703,1.28744,1.50,1.50
2011.10.20 11:30:34.526,1.28706,1.28744,1.88,1.50
2011.10.20 11:30:34.892,1.28708,1.28744,1.50,1.50
2011.10.20 11:30:36.204,1.28706,1.28748,2.63,1.50
2011.10.20 11:30:36.336,1.28706,1.28744,2.63,1.50
2011.10.20 11:30:36.917,1.28706,1.28747,1.13,1.50
2011.10.20 11:30:39.345,1.287,1.28747,1.50,1.50
2011.10.20 11:30:39.904,1.28706,1.28747,1.13,1.50
2011.10.20 11:30:40.463,1.287,1.28747,1.50,1.50
2011.10.20 11:30:41.025,1.287,1.28747,1.50,1.50
2011.10.20 11:30:41.576,1.28697,1.2874,1.50,1.50
2011.10.20 11:30:44.224,1.28692,1.28738,1.50,1.50
2011.10.20 11:30:49.572,1.28695,1.28738,1.13,1.50
2011.10.20 11:30:49.694,1.28697,1.28738,1.13,1.50
2011.10.20 11:30:50.035,1.28707,1.28748,2.63,1.50
2011.10.20 11:30:50.869,1.28708,1.28748,1.50,1.50
2011.10.20 11:30:51.443,1.28708,1.28751,1.50,1.50
2011.10.20 11:30:54.133,1.28707,1.2875,1.50,1.50
2011.10.20 11:30:54.381,1.28702,1.28748,1.50,2.25
2011.10.20 11:30:54.628,1.28707,1.2875,1.50,1.50
2011.10.20 11:30:55.874,1.28707,1.28755,3.38,3.23
2011.10.20 11:30:56.229,1.28707,1.28746,2.63,1.50
2011.10.20 11:30:56.673,1.28704,1.28742,1.13,1.73
2011.10.20 11:30:56.805,1.28699,1.28739,1.50,2.48
2011.10.20 11:30:57.775,1.28698,1.28739,1.50,2.48
2011.10.20 11:30:58.775,1.28692,1.2874,2.25,3.23
2011.10.20 11:30:59.529,1.28697,1.2874,1.50,3.23
2011.10.20 11:31:00.365,1.28697,1.2874,1.50,3.23
2011.10.20 11:31:00.490,1.28697,1.2874,1.50,2.48
2011.10.20 11:31:00.728,1.28699,1.28747,1.50,1.50
2011.10.20 11:31:00.966,1.28699,1.28742,1.50,2.48
2011.10.20 11:31:01.326,1.28705,1.28742,1.50,2.48
2011.10.20 11:31:01.690,1.28715,1.28753,1.73,1.50
2011.10.20 11:31:02.420,1.28716,1.28759,2.63,1.88
2011.10.20 11:31:02.780,1.28716,1.28754,2.63,1.50
2011.10.20 11:31:03.497,1.28716,1.28758,4.35,1.13
2011.10.20 11:31:06.168,1.28716,1.28757,2.48,2.25
2011.10.20 11:31:06.307,1.28702,1.28744,1.50,1.50
2011.10.20 11:31:06.540,1.28707,1.2875,2.25,1.50
2011.10.20 11:31:06.786,1.28707,1.28751,2.63,1.50
2011.10.20 11:31:06.908,1.28715,1.28758,1.50,1.50
2011.10.20 11:31:07.276,1.28715,1.28758,1.50,1.50
2011.10.20 11:31:10.814,1.28715,1.28761,1.50,1.13
2011.10.20 11:31:11.212,1.28715,1.28761,1.50,1.13
2011.10.20 11:31:11.929,1.28709,1.28756,1.50,1.50
2011.10.20 11:31:12.065,1.28702,1.28748,1.50,1.50
2011.10.20 11:31:12.310,1.28702,1.28748,2.25,1.50
2011.10.20 11:31:12.790,1.28702,1.28748,2.25,1.50
2011.10.20 11:31:13.159,1.28702,1.28748,1.50,1.50
2011.10.20 11:31:17.621,1.28707,1.2875,2.25,1.50
2011.10.20 11:31:17.868,1.28707,1.28755,2.25,1.50
2011.10.20 11:31:18.226,1.28717,1.28756,1.50,1.13
2011.10.20 11:31:20.760,1.28717,1.28756,1.50,1.13
2011.10.20 11:31:21.642,1.28717,1.28756,3.38,1.13
2011.10.20 11:31:22.356,1.28709,1.28754,1.50,1.73
2011.10.20 11:31:22.477,1.28714,1.28757,1.50,1.88
2011.10.20 11:31:22.934,1.28714,1.28757,1.50,1.13
2011.10.20 11:31:24.589,1.28716,1.28757,2.63,1.13
2011.10.20 11:31:24.831,1.28718,1.28757,1.50,1.13
2011.10.20 11:31:25.316,1.28737,1.28768,3.38,1.50
2011.10.20 11:31:25.659,1.28746,1.28768,1.88,1.50
2011.10.20 11:31:25.902,1.28737,1.28768,3.38,1.50
2011.10.20 11:31:26.512,1.28737,1.28768,3.38,1.50
2011.10.20 11:31:26.887,1.28737,1.28761,1.88,1.50
2011.10.20 11:31:27.403,1.28737,1.28761,1.88,1.50
2011.10.20 11:31:28.725,1.28746,1.28761,1.50,1.50
2011.10.20 11:31:29.592,1.28747,1.28763,1.88,1.50
2011.10.20 11:31:30.127,1.28747,1.28763,1.88,1.50
2011.10.20 11:31:35.755,1.28737,1.28762,1.88,1.50
2011.10.20 11:31:38.219,1.28737,1.28762,2.63,1.50
2011.10.20 11:31:38.359,1.28736,1.28762,1.88,1.50
2011.10.20 11:31:38.869,1.28737,1.28759,1.88,1.50
2011.10.20 11:31:39.626,1.28727,1.28756,1.88,1.50
2011.10.20 11:31:40.088,1.28726,1.28753,1.88,1.50
2011.10.20 11:31:40.315,1.28716,1.28753,3.38,1.50
2011.10.20 11:31:40.434,1.28719,1.28753,1.13,1.50
2011.10.20 11:31:40.667,1.28717,1.28753,2.63,1.50
2011.10.20 11:31:40.787,1.28717,1.28753,1.88,1.50
2011.10.20 11:31:41.366,1.28708,1.28748,1.50,1.50
2011.10.20 11:31:42.165,1.28708,1.28747,1.50,1.50
2011.10.20 11:31:44.587,1.28708,1.28748,1.50,1.50
2011.10.20 11:31:48.477,1.28711,1.28754,1.50,1.13
2011.10.20 11:31:48.601,1.28719,1.28762,1.50,1.13
2011.10.20 11:31:48.848,1.28719,1.28763,1.50,1.88
2011.10.20 11:31:48.967,1.28721,1.28762,1.13,1.13
2011.10.20 11:31:49.586,1.28736,1.28763,2.25,1.88
2011.10.20 11:31:50.126,1.28737,1.28762,1.88,1.13
2011.10.20 11:31:51.288,1.28747,1.28763,3.00,1.50
2011.10.20 11:31:51.414,1.28747,1.28763,1.50,1.50
2011.10.20 11:31:51.902,1.28726,1.28763,1.88,1.50
2011.10.20 11:31:52.549,1.28716,1.28754,1.88,1.50
2011.10.20 11:31:52.791,1.28716,1.28746,1.88,1.50
2011.10.20 11:31:52.924,1.28706,1.28746,1.88,1.50
2011.10.20 11:31:53.291,1.28707,1.28746,1.88,1.50
2011.10.20 11:31:53.766,1.28707,1.28746,1.88,1.50
2011.10.20 11:31:55.845,1.28698,1.28746,1.13,1.50
2011.10.20 11:31:56.206,1.28698,1.28746,1.13,1.50
2011.10.20 11:31:56.326,1.28698,1.28746,1.13,1.50
2011.10.20 11:31:56.448,1.28697,1.28741,2.63,1.50
2011.10.20 11:31:56.811,1.28696,1.28736,1.88,1.50
2011.10.20 11:31:57.388,1.28696,1.2873,1.88,1.50
2011.10.20 11:31:57.520,1.28691,1.28738,1.50,2.48
2011.10.20 11:31:57.757,1.28686,1.28732,3.38,1.50
2011.10.20 11:31:58.700,1.28686,1.28734,3.38,3.38
2011.10.20 11:31:59.793,1.28686,1.28734,2.63,3.38
2011.10.20 11:32:00.739,1.28686,1.28734,3.38,3.38
2011.10.20 11:32:04.093,1.28686,1.28734,3.38,3.38
2011.10.20 11:32:08.500,1.28686,1.28732,3.38,1.50
2011.10.20 11:32:09.219,1.28693,1.28734,1.50,1.88
2011.10.20 11:32:09.587,1.28698,1.28744,1.50,2.63
2011.10.20 11:32:09.704,1.28698,1.28744,1.50,2.63
2011.10.20 11:32:12.145,1.28693,1.28734,1.50,2.63
2011.10.20 11:32:12.281,1.28691,1.28734,1.50,2.63
2011.10.20 11:32:12.637,1.28691,1.28723,1.50,1.88
2011.10.20 11:32:12.996,1.28705,1.28744,1.50,2.63
2011.10.20 11:32:13.346,1.28708,1.28743,1.50,1.50
2011.10.20 11:32:13.865,1.28708,1.28747,1.50,1.13
2011.10.20 11:32:15.385,1.28711,1.28747,1.50,1.13
2011.10.20 11:32:19.068,1.28711,1.28741,1.50,1.13
2011.10.20 11:32:19.189,1.28713,1.28751,1.50,1.50
2011.10.20 11:32:20.114,1.28713,1.28751,1.50,1.50
2011.10.20 11:32:21.254,1.28711,1.28747,1.50,1.50
2011.10.20 11:32:21.844,1.28707,1.28744,2.63,1.13
2011.10.20 11:32:22.546,1.28707,1.28744,1.88,1.13
2011.10.20 11:32:22.788,1.28707,1.28749,2.63,3.23
2011.10.20 11:32:24.651,1.28707,1.28745,1.88,1.13
2011.10.20 11:32:27.043,1.28707,1.28747,1.88,1.50
2011.10.20 11:32:30.997,1.28707,1.28747,2.63,1.50
2011.10.20 11:32:31.336,1.2871,1.28751,1.50,1.13
2011.10.20 11:32:31.685,1.2871,1.28749,1.50,1.13
2011.10.20 11:32:32.038,1.2871,1.28748,1.50,1.13
2011.10.20 11:32:32.376,1.28717,1.28748,1.88,1.13
2011.10.20 11:32:32.826,1.28708,1.28748,1.50,1.88
2011.10.20 11:32:35.238,1.28702,1.28736,1.50,1.50
2011.10.20 11:32:35.355,1.28701,1.28736,1.50,1.50
2011.10.20 11:32:36.133,1.28701,1.28734,1.50,2.63
2011.10.20 11:32:36.275,1.28696,1.28735,3.38,1.50
2011.10.20 11:32:37.760,1.28696,1.28734,2.63,1.50
2011.10.20 11:32:38.116,1.28696,1.28734,2.63,1.50
2011.10.20 11:32:38.674,1.28696,1.28734,2.63,1.50
2011.10.20 11:32:39.157,1.28691,1.28734,1.50,1.88
2011.10.20 11:32:39.280,1.28688,1.28734,1.50,3.38
2011.10.20 11:32:44.170,1.28691,1.28734,1.50,2.63
2011.10.20 11:32:44.878,1.28691,1.28734,1.50,2.63
2011.10.20 11:32:47.555,1.28688,1.28734,1.50,2.63
2011.10.20 11:32:47.916,1.28687,1.28731,1.13,1.50
2011.10.20 11:32:48.379,1.2869,1.2873,1.50,1.50
2011.10.20 11:32:48.509,1.2869,1.28733,1.50,1.50
2011.10.20 11:32:49.163,1.28691,1.28736,2.25,1.50
2011.10.20 11:32:49.290,1.28697,1.2874,1.50,1.13
2011.10.20 11:32:49.421,1.28697,1.2874,1.50,1.13
2011.10.20 11:32:50.187,1.28697,1.2874,1.50,1.13
2011.10.20 11:32:50.308,1.28697,1.2874,1.50,1.13
2011.10.20 11:32:50.428,1.28697,1.28743,1.50,1.13
2011.10.20 11:32:51.007,1.28697,1.28743,2.63,2.63
2011.10.20 11:32:51.427,1.28697,1.28743,3.38,2.63
2011.10.20 11:32:52.028,1.28697,1.28743,3.38,3.00
2011.10.20 11:32:52.271,1.28697,1.28743,3.38,2.63
2011.10.20 11:32:52.503,1.28697,1.28743,3.38,3.00
2011.10.20 11:32:53.488,1.28697,1.2874,3.38,1.13
2011.10.20 11:32:55.312,1.28704,1.2874,1.50,1.13
2011.10.20 11:32:55.677,1.28715,1.28748,1.50,1.50
