2012.09.18 01:00:00.781,1.26752,1.26787,1.50,1.50
2012.09.18 01:00:01.001,1.26751,1.26793,2.07,2.82
2012.09.18 01:00:02.671,1.26751,1.2679,1.32,1.13
2012.09.18 01:00:03.188,1.26747,1.26787,1.50,1.32
2012.09.18 01:00:03.275,1.26747,1.26782,1.50,1.50
2012.09.18 01:00:04.594,1.26747,1.26782,1.50,2.25
2012.09.18 01:00:06.436,1.26741,1.26778,1.50,1.13
2012.09.18 01:00:06.800,1.26737,1.26774,1.50,1.32
2012.09.18 01:00:07.623,1.26737,1.26774,1.50,1.32
2012.09.18 01:00:07.764,1.26737,1.26774,1.50,1.32
2012.09.18 01:00:08.675,1.26737,1.26774,1.50,1.32
2012.09.18 01:00:09.639,1.26737,1.26774,2.25,1.32
2012.09.18 01:00:10.154,1.26738,1.26778,1.32,3.00
2012.09.18 01:00:11.404,1.26738,1.26774,1.32,2.25
2012.09.18 01:00:11.974,1.26738,1.26774,2.25,1.32
2012.09.18 01:00:13.544,1.26737,1.26774,1.50,2.82
2012.09.18 01:00:13.628,1.26737,1.26774,1.50,3.57
2012.09.18 01:00:14.361,1.26737,1.26774,1.50,3.57
2012.09.18 01:00:14.439,1.26733,1.26763,2.07,1.50
2012.09.18 01:00:14.661,1.26728,1.26761,1.32,2.07
2012.09.18 01:00:14.880,1.2673,1.26763,1.69,1.88
2012.09.18 01:00:15.161,1.26731,1.26766,1.50,1.32
2012.09.18 01:00:15.522,1.26732,1.26767,1.13,2.10
2012.09.18 01:00:15.730,1.26731,1.26766,1.50,2.64
2012.09.18 01:00:15.949,1.26731,1.26766,3.00,1.73
2012.09.18 01:00:16.173,1.26732,1.26767,1.50,1.50
2012.09.18 01:00:16.930,1.2673,1.26769,1.50,2.29
2012.09.18 01:00:17.011,1.26731,1.26769,2.25,1.54
2012.09.18 01:00:17.230,1.26731,1.26769,2.25,1.32
2012.09.18 01:00:17.662,1.26735,1.26771,1.50,1.88
2012.09.18 01:00:17.743,1.26737,1.26771,1.50,1.88
2012.09.18 01:00:17.822,1.26733,1.26771,1.50,1.88
2012.09.18 01:00:18.523,1.26731,1.26771,1.32,1.88
2012.09.18 01:00:19.117,1.26731,1.26769,1.32,1.50
2012.09.18 01:00:19.420,1.26728,1.26766,2.25,1.50
2012.09.18 01:00:20.522,1.26726,1.26765,1.88,1.50
2012.09.18 01:00:22.028,1.26726,1.26768,1.88,1.32
2012.09.18 01:00:22.109,1.26726,1.26768,1.13,1.32
2012.09.18 01:00:22.822,1.26726,1.2676,1.13,2.25
2012.09.18 01:00:23.180,1.26726,1.2676,1.13,1.50
2012.09.18 01:00:23.747,1.26726,1.26757,1.13,2.25
2012.09.18 01:00:25.678,1.26721,1.26759,1.54,1.50
2012.09.18 01:00:25.759,1.26719,1.26759,1.88,1.50
2012.09.18 01:00:25.981,1.26722,1.26762,1.13,2.82
2012.09.18 01:00:26.694,1.26721,1.26759,1.73,1.50
2012.09.18 01:00:26.781,1.26716,1.26759,4.69,1.50
2012.09.18 01:00:27.002,1.26718,1.26755,1.32,2.25
2012.09.18 01:00:27.151,1.26718,1.26757,1.32,2.25
2012.09.18 01:00:29.122,1.26723,1.26759,1.13,1.50
2012.09.18 01:00:29.660,1.26723,1.26759,1.69,1.50
2012.09.18 01:00:30.286,1.26723,1.26757,1.69,1.50
2012.09.18 01:00:30.853,1.26717,1.26754,3.00,1.50
2012.09.18 01:00:30.989,1.26717,1.26754,2.44,1.50
2012.09.18 01:00:31.281,1.26718,1.26754,1.13,1.50
2012.09.18 01:00:31.750,1.26716,1.26754,3.00,1.50
2012.09.18 01:00:32.439,1.26717,1.26756,2.07,3.01
2012.09.18 01:00:32.523,1.26715,1.2675,1.13,1.50
2012.09.18 01:00:32.670,1.26716,1.26751,1.32,1.13
2012.09.18 01:00:33.160,1.26719,1.26751,1.50,1.13
2012.09.18 01:00:33.511,1.26717,1.26751,2.82,1.13
2012.09.18 01:00:34.360,1.26715,1.26751,2.25,1.13
2012.09.18 01:00:34.809,1.26715,1.26751,3.00,1.13
2012.09.18 01:00:36.009,1.26712,1.26743,1.50,1.50
2012.09.18 01:00:36.091,1.26708,1.26743,3.79,1.50
2012.09.18 01:00:36.170,1.26711,1.26743,1.50,1.50
2012.09.18 01:00:36.321,1.26708,1.26743,2.07,1.50
2012.09.18 01:00:36.402,1.26708,1.26744,2.82,1.13
2012.09.18 01:00:36.485,1.26706,1.26744,1.69,1.50
2012.09.18 01:00:36.993,1.26706,1.26743,1.13,1.50
2012.09.18 01:00:37.212,1.26706,1.26739,1.13,1.50
2012.09.18 01:00:37.293,1.26699,1.26738,1.32,1.13
2012.09.18 01:00:37.652,1.26696,1.26738,1.50,2.85
2012.09.18 01:00:38.358,1.26696,1.26738,1.50,2.85
2012.09.18 01:00:38.598,1.26696,1.26738,1.50,2.85
2012.09.18 01:00:38.750,1.26695,1.26732,2.25,1.50
2012.09.18 01:00:39.112,1.26692,1.26732,2.25,1.92
2012.09.18 01:00:39.265,1.26694,1.26732,1.50,1.69
2012.09.18 01:00:39.354,1.26694,1.26732,1.50,1.88
2012.09.18 01:00:39.504,1.26694,1.26732,1.50,1.69
2012.09.18 01:00:39.864,1.26686,1.26723,1.32,1.50
2012.09.18 01:00:40.415,1.26687,1.26724,1.32,1.13
2012.09.18 01:00:40.492,1.26685,1.26724,1.32,1.13
2012.09.18 01:00:40.573,1.26685,1.26728,1.32,1.50
2012.09.18 01:00:40.860,1.26685,1.26723,2.25,1.50
2012.09.18 01:00:41.201,1.26685,1.26725,2.25,1.50
2012.09.18 01:00:41.353,1.26682,1.26722,2.44,1.13
2012.09.18 01:00:41.436,1.26682,1.26716,1.32,1.88
2012.09.18 01:00:41.800,1.26684,1.26716,2.25,1.13
2012.09.18 01:00:42.020,1.26684,1.26716,2.25,1.13
2012.09.18 01:00:42.239,1.26684,1.26716,2.25,1.13
2012.09.18 01:00:42.601,1.26684,1.26716,2.25,1.13
2012.09.18 01:00:42.950,1.26684,1.26722,2.25,1.69
2012.09.18 01:00:43.451,1.26684,1.26722,2.25,1.69
2012.09.18 01:00:43.531,1.26684,1.26722,2.25,2.44
2012.09.18 01:00:44.131,1.26684,1.26724,2.25,2.67
2012.09.18 01:00:44.423,1.2668,1.26724,2.07,2.67
2012.09.18 01:00:44.502,1.2668,1.26724,1.32,2.67
2012.09.18 01:00:45.390,1.26682,1.26723,1.50,2.82
2012.09.18 01:00:45.804,1.26682,1.26723,2.25,2.82
2012.09.18 01:00:46.164,1.26675,1.26711,1.50,1.50
2012.09.18 01:00:46.532,1.26672,1.26702,1.50,1.13
2012.09.18 01:00:46.615,1.26672,1.26702,1.50,1.13
2012.09.18 01:00:46.710,1.26673,1.26708,1.50,1.35
2012.09.18 01:00:46.910,1.26681,1.26718,1.13,1.50
2012.09.18 01:00:47.201,1.26676,1.26719,1.50,1.50
2012.09.18 01:00:47.492,1.26681,1.26718,1.13,1.50
2012.09.18 01:00:47.851,1.26676,1.26716,2.25,1.32
2012.09.18 01:00:48.644,1.26671,1.26714,1.50,1.50
2012.09.18 01:00:48.725,1.26669,1.26709,1.50,1.50
2012.09.18 01:00:48.885,1.2667,1.2671,1.50,2.48
2012.09.18 01:00:48.976,1.26666,1.26709,1.32,1.73
2012.09.18 01:00:49.542,1.26669,1.26709,2.25,1.50
2012.09.18 01:00:49.769,1.26669,1.26709,2.25,1.50
2012.09.18 01:00:50.388,1.26669,1.26709,2.25,1.50
2012.09.18 01:00:50.911,1.26669,1.26705,2.25,1.13
2012.09.18 01:00:50.994,1.26662,1.26703,1.32,1.50
2012.09.18 01:00:51.073,1.26661,1.26699,2.82,1.50
2012.09.18 01:00:51.153,1.26662,1.26699,1.32,2.25
2012.09.18 01:00:51.432,1.26663,1.26703,3.00,1.50
2012.09.18 01:00:51.788,1.26671,1.26703,1.32,1.50
2012.09.18 01:00:52.010,1.26663,1.26701,3.42,1.50
2012.09.18 01:00:52.229,1.26668,1.26707,1.13,1.73
2012.09.18 01:00:52.310,1.26668,1.26708,1.13,3.04
2012.09.18 01:00:52.392,1.26668,1.26706,1.13,1.50
2012.09.18 01:00:52.471,1.26664,1.26701,1.69,1.50
2012.09.18 01:00:52.899,1.26663,1.26703,3.94,1.13
2012.09.18 01:00:52.980,1.26663,1.26703,2.44,1.13
2012.09.18 01:00:53.206,1.26656,1.26692,1.13,1.13
2012.09.18 01:00:53.432,1.26656,1.26692,1.50,1.13
2012.09.18 01:00:53.513,1.26656,1.26692,1.13,1.13
2012.09.18 01:00:54.961,1.26657,1.26691,1.13,1.50
2012.09.18 01:00:55.322,1.26654,1.26688,1.13,1.50
2012.09.18 01:00:55.680,1.26651,1.26687,1.32,1.50
2012.09.18 01:00:56.171,1.26652,1.26689,1.50,2.10
2012.09.18 01:00:56.309,1.26652,1.26689,1.50,1.35
2012.09.18 01:00:56.518,1.2665,1.26692,1.13,1.50
2012.09.18 01:00:56.839,1.2665,1.26692,1.13,1.50
2012.09.18 01:00:56.920,1.26652,1.26692,1.50,1.50
2012.09.18 01:00:57.421,1.26655,1.26692,1.88,1.50
2012.09.18 01:00:58.029,1.26657,1.26692,1.32,1.50
2012.09.18 01:01:00.333,1.26653,1.26693,1.32,1.13
2012.09.18 01:01:01.579,1.26652,1.26689,2.07,1.50
2012.09.18 01:01:01.658,1.26653,1.26689,1.50,1.50
2012.09.18 01:01:02.009,1.26654,1.26692,1.50,1.50
2012.09.18 01:01:02.445,1.26658,1.26692,1.50,1.50
2012.09.18 01:01:04.510,1.26658,1.26693,1.50,1.13
2012.09.18 01:01:06.239,1.26658,1.26693,1.50,1.13
2012.09.18 01:01:06.929,1.2666,1.26695,1.50,1.69
2012.09.18 01:01:07.012,1.26661,1.26697,1.50,1.69
2012.09.18 01:01:07.549,1.26661,1.26697,2.25,1.69
2012.09.18 01:01:08.164,1.26661,1.26699,2.25,1.32
2012.09.18 01:01:08.239,1.26661,1.267,2.25,1.32
2012.09.18 01:01:09.109,1.26661,1.267,2.25,1.32
2012.09.18 01:01:10.719,1.26661,1.267,1.50,1.32
2012.09.18 01:01:11.017,1.26661,1.267,1.50,2.07
2012.09.18 01:01:11.359,1.26659,1.26693,1.50,1.32
2012.09.18 01:01:11.439,1.26661,1.26694,1.50,1.13
2012.09.18 01:01:11.649,1.26658,1.26693,1.50,2.07
2012.09.18 01:01:11.861,1.26655,1.26694,2.25,1.13
2012.09.18 01:01:12.211,1.26655,1.26693,2.25,1.32
2012.09.18 01:01:12.291,1.26654,1.26688,1.50,1.50
2012.09.18 01:01:12.439,1.26659,1.26693,1.13,1.32
2012.09.18 01:01:12.790,1.26656,1.26688,1.50,1.50
2012.09.18 01:01:14.463,1.26656,1.26688,1.13,1.50
2012.09.18 01:01:16.618,1.26654,1.26688,1.32,2.63
2012.09.18 01:01:16.969,1.26648,1.26686,1.13,1.32
2012.09.18 01:01:22.161,1.26648,1.26685,1.13,1.50
2012.09.18 01:01:23.410,1.26649,1.26685,1.13,1.50
2012.09.18 01:01:23.492,1.26653,1.26688,1.13,1.13
2012.09.18 01:01:23.642,1.26655,1.2669,1.50,1.13
2012.09.18 01:01:23.790,1.26655,1.26693,1.50,1.50
2012.09.18 01:01:23.872,1.26657,1.26693,1.50,1.50
2012.09.18 01:01:24.020,1.26653,1.26693,1.13,1.50
2012.09.18 01:01:24.171,1.26653,1.26689,1.13,1.50
2012.09.18 01:01:24.650,1.26657,1.26693,1.32,1.50
2012.09.18 01:01:27.352,1.26655,1.26692,2.82,1.50
2012.09.18 01:01:27.573,1.26652,1.2669,2.48,1.32
2012.09.18 01:01:27.725,1.26654,1.26691,1.50,1.32
2012.09.18 01:01:30.384,1.26653,1.2669,2.29,1.50
2012.09.18 01:01:30.719,1.26655,1.26692,1.50,1.32
2012.09.18 01:01:33.180,1.26657,1.26693,2.07,1.50
2012.09.18 01:01:33.259,1.26665,1.26697,1.13,1.50
2012.09.18 01:01:33.409,1.2666,1.26694,1.73,1.88
2012.09.18 01:01:33.491,1.26659,1.26694,1.73,1.88
2012.09.18 01:01:33.712,1.26664,1.26697,1.13,1.50
2012.09.18 01:01:33.859,1.26664,1.26697,1.13,1.50
2012.09.18 01:01:33.940,1.26662,1.26696,1.13,1.50
2012.09.18 01:01:35.974,1.26664,1.267,1.50,1.50
2012.09.18 01:01:36.260,1.26662,1.26698,1.13,1.50
2012.09.18 01:01:36.602,1.26668,1.26702,1.50,1.50
2012.09.18 01:01:36.680,1.26666,1.26702,1.50,1.50
2012.09.18 01:01:36.761,1.26666,1.267,1.73,1.50
2012.09.18 01:01:37.918,1.26663,1.267,1.50,1.50
2012.09.18 01:01:38.061,1.26662,1.26699,1.13,1.50
2012.09.18 01:01:38.682,1.26664,1.26702,1.50,1.13
2012.09.18 01:01:39.190,1.26663,1.26699,1.50,1.50
2012.09.18 01:01:40.181,1.26663,1.26699,1.50,1.50
2012.09.18 01:01:40.261,1.2667,1.26704,1.13,1.50
2012.09.18 01:01:40.659,1.26667,1.26704,1.13,2.25
2012.09.18 01:01:40.938,1.26666,1.26704,1.13,1.50
2012.09.18 01:01:42.161,1.26664,1.26703,2.25,1.13
2012.09.18 01:01:42.239,1.26663,1.267,2.25,1.50
2012.09.18 01:01:42.392,1.26663,1.26703,1.50,3.38
2012.09.18 01:01:43.054,1.26662,1.267,1.13,3.00
2012.09.18 01:01:43.712,1.26662,1.26688,1.13,1.13
2012.09.18 01:01:43.794,1.26656,1.26688,1.50,1.13
2012.09.18 01:01:43.941,1.26657,1.26691,2.25,2.10
2012.09.18 01:01:44.020,1.26657,1.26691,2.63,1.73
2012.09.18 01:01:44.100,1.2666,1.26695,1.50,2.25
2012.09.18 01:01:44.453,1.26657,1.26698,1.13,1.73
2012.09.18 01:01:44.658,1.26657,1.26696,1.13,3.00
2012.09.18 01:01:44.870,1.26658,1.26696,1.50,2.25
2012.09.18 01:01:44.949,1.26658,1.26696,1.50,2.25
2012.09.18 01:01:45.170,1.26656,1.26695,1.50,1.13
2012.09.18 01:01:45.850,1.26655,1.26689,1.50,1.50
2012.09.18 01:01:46.211,1.26655,1.26688,1.50,1.32
2012.09.18 01:01:46.420,1.26659,1.26688,1.50,1.32
2012.09.18 01:01:46.949,1.26661,1.26688,1.50,1.32
2012.09.18 01:01:47.158,1.26661,1.26695,1.50,1.69
2012.09.18 01:01:49.659,1.26662,1.26698,1.50,1.69
2012.09.18 01:01:49.743,1.26664,1.26701,1.13,2.25
2012.09.18 01:01:49.951,1.26662,1.26698,1.13,1.50
2012.09.18 01:01:52.419,1.26666,1.26702,1.32,3.00
2012.09.18 01:01:52.908,1.26666,1.26706,1.32,1.50
2012.09.18 01:01:53.060,1.26666,1.26706,2.07,1.50
2012.09.18 01:01:53.142,1.26666,1.26706,1.54,1.50
2012.09.18 01:01:53.218,1.26666,1.26703,1.54,1.50
2012.09.18 01:01:53.361,1.26666,1.26703,1.32,1.50
2012.09.18 01:01:55.769,1.26665,1.26701,1.32,2.25
2012.09.18 01:01:58.660,1.26667,1.26703,1.13,1.50
2012.09.18 01:01:59.159,1.26667,1.26703,1.13,1.50
2012.09.18 01:01:59.493,1.26664,1.26697,1.13,1.50
2012.09.18 01:02:02.921,1.26665,1.26699,1.32,2.25
2012.09.18 01:02:11.780,1.26662,1.26697,1.13,1.50
2012.09.18 01:02:15.720,1.26661,1.26695,1.13,1.50
2012.09.18 01:02:16.930,1.26663,1.26695,1.50,1.50
2012.09.18 01:02:17.302,1.26664,1.26702,1.69,2.25
2012.09.18 01:02:18.449,1.26664,1.26704,1.69,1.50
2012.09.18 01:02:21.599,1.26666,1.26705,1.50,1.50
2012.09.18 01:02:24.608,1.26665,1.26704,1.35,1.50
2012.09.18 01:02:24.961,1.2667,1.26705,1.32,1.50
2012.09.18 01:02:25.111,1.2667,1.26705,1.32,1.50
2012.09.18 01:02:25.258,1.2667,1.26705,1.32,1.50
2012.09.18 01:02:25.860,1.26668,1.26704,1.69,1.50
2012.09.18 01:02:27.113,1.26666,1.26704,2.44,1.50
2012.09.18 01:02:27.620,1.26666,1.26704,1.88,1.50
2012.09.18 01:02:30.985,1.26676,1.26708,1.13,1.50
2012.09.18 01:02:31.072,1.26676,1.26708,1.13,1.50
2012.09.18 01:02:31.630,1.26676,1.26708,1.13,1.50
2012.09.18 01:02:32.392,1.26673,1.26705,1.13,1.50
2012.09.18 01:02:32.474,1.2667,1.26705,1.50,2.07
2012.09.18 01:02:32.620,1.26667,1.26704,1.13,3.00
2012.09.18 01:02:32.911,1.26667,1.26701,1.13,1.50
2012.09.18 01:02:33.441,1.26662,1.26692,1.88,1.50
2012.09.18 01:02:33.529,1.26663,1.26693,1.32,3.38
2012.09.18 01:02:33.680,1.26663,1.26693,1.32,2.63
2012.09.18 01:02:33.763,1.2666,1.26693,1.32,2.63
2012.09.18 01:02:33.912,1.26659,1.26693,1.50,1.13
2012.09.18 01:02:36.420,1.26661,1.26693,1.50,1.13
2012.09.18 01:02:38.968,1.2666,1.26693,1.50,1.13
2012.09.18 01:02:40.398,1.26654,1.26688,2.25,1.88
2012.09.18 01:02:40.762,1.26653,1.26687,1.50,1.50
2012.09.18 01:02:41.943,1.26655,1.26684,1.50,1.32
2012.09.18 01:02:42.021,1.26659,1.26686,1.50,1.69
2012.09.18 01:02:48.079,1.2666,1.26688,1.50,1.32
2012.09.18 01:02:48.270,1.2666,1.2669,1.50,1.13
2012.09.18 01:02:49.427,1.2666,1.2669,1.50,1.13
2012.09.18 01:02:50.290,1.26664,1.2669,1.50,1.13
2012.09.18 01:02:50.444,1.26664,1.26695,1.50,1.32
2012.09.18 01:02:50.950,1.26664,1.2669,1.50,1.13
2012.09.18 01:02:52.765,1.26663,1.2669,1.50,1.13
2012.09.18 01:02:52.979,1.26664,1.26695,1.50,2.07
2012.09.18 01:02:53.473,1.26666,1.267,1.50,2.07
2012.09.18 01:02:54.059,1.26666,1.26696,1.50,1.50
2012.09.18 01:02:54.350,1.26666,1.26696,1.50,1.50
2012.09.18 01:02:59.349,1.26665,1.26696,1.32,2.25
2012.09.18 01:02:59.500,1.26658,1.26694,3.00,1.50
2012.09.18 01:03:01.228,1.26658,1.26688,1.50,1.35
2012.09.18 01:03:01.320,1.26646,1.26678,1.50,1.13
2012.09.18 01:03:01.649,1.26643,1.26678,1.50,1.13
2012.09.18 01:03:01.990,1.26642,1.26678,3.75,1.13
2012.09.18 01:03:02.071,1.26642,1.26678,3.00,1.88
2012.09.18 01:03:02.431,1.26642,1.26678,3.57,1.73
2012.09.18 01:03:02.509,1.26642,1.26678,2.82,1.73
2012.09.18 01:03:03.089,1.26642,1.26678,2.82,1.50
2012.09.18 01:03:03.610,1.26642,1.26678,2.82,1.50
2012.09.18 01:03:03.688,1.26642,1.26678,2.82,1.50
2012.09.18 01:03:04.678,1.26645,1.26678,1.13,1.50
2012.09.18 01:03:05.022,1.2665,1.26684,2.25,1.32
2012.09.18 01:03:05.309,1.26656,1.26692,2.07,1.13
2012.09.18 01:03:05.838,1.26658,1.26693,1.50,2.25
2012.09.18 01:03:06.941,1.26658,1.26691,1.50,1.13
2012.09.18 01:03:07.372,1.26656,1.26689,1.50,2.25
2012.09.18 01:03:11.458,1.26662,1.26692,1.50,1.50
2012.09.18 01:03:12.400,1.26658,1.26692,1.50,2.25
2012.09.18 01:03:12.479,1.26658,1.26692,1.50,2.25
2012.09.18 01:03:12.558,1.2666,1.26692,1.50,2.25
2012.09.18 01:03:20.652,1.2666,1.26692,1.50,1.50
2012.09.18 01:03:20.858,1.26657,1.26692,2.07,1.50
2012.09.18 01:03:21.189,1.26659,1.26692,1.50,2.25
2012.09.18 01:03:22.748,1.26656,1.2669,1.50,1.50
2012.09.18 01:03:23.211,1.26652,1.26684,1.50,1.50
2012.09.18 01:03:23.292,1.26652,1.26684,1.50,1.50
2012.09.18 01:03:23.572,1.26658,1.26691,1.50,2.85
2012.09.18 01:03:23.860,1.26656,1.26689,1.50,1.50
2012.09.18 01:03:24.279,1.26654,1.26689,1.50,1.50
2012.09.18 01:03:25.029,1.26658,1.2669,2.07,2.25
2012.09.18 01:03:25.979,1.26659,1.26694,1.50,1.13
2012.09.18 01:03:26.531,1.26659,1.26691,1.50,1.50
2012.09.18 01:03:28.381,1.26658,1.26691,1.32,2.25
2012.09.18 01:03:28.730,1.26668,1.26695,1.50,1.50
2012.09.18 01:03:28.882,1.26668,1.26697,1.50,1.50
2012.09.18 01:03:28.961,1.26668,1.267,1.50,2.07
2012.09.18 01:03:29.044,1.26666,1.26696,1.50,1.50
2012.09.18 01:03:29.120,1.26664,1.26696,1.13,1.50
2012.09.18 01:03:29.481,1.26667,1.26699,1.50,2.07
2012.09.18 01:03:30.003,1.26664,1.26697,1.13,1.50
2012.09.18 01:03:36.214,1.26668,1.26697,1.13,1.50
2012.09.18 01:03:36.361,1.26664,1.26698,1.69,1.50
2012.09.18 01:03:36.501,1.26662,1.26696,1.50,1.50
2012.09.18 01:03:36.582,1.26662,1.26691,1.50,1.50
2012.09.18 01:03:37.222,1.26663,1.26696,1.69,1.50
2012.09.18 01:03:39.327,1.26664,1.26696,1.13,2.25
2012.09.18 01:03:39.829,1.26663,1.26694,1.32,1.50
2012.09.18 01:03:40.158,1.26663,1.26696,1.32,1.50
2012.09.18 01:03:40.837,1.26663,1.26698,1.32,1.50
2012.09.18 01:03:41.639,1.26663,1.26696,1.32,1.50
2012.09.18 01:03:42.339,1.26663,1.26696,1.32,1.88
2012.09.18 01:03:42.551,1.2666,1.26692,1.13,1.13
2012.09.18 01:03:43.327,1.26658,1.26693,1.88,1.50
2012.09.18 01:03:43.540,1.26663,1.26696,1.50,1.50
2012.09.18 01:03:43.691,1.26663,1.26699,1.50,1.50
2012.09.18 01:03:44.053,1.26669,1.26703,1.50,3.19
2012.09.18 01:03:44.133,1.26669,1.26703,1.50,2.63
2012.09.18 01:03:47.038,1.26668,1.26703,2.07,2.63
2012.09.18 01:03:53.219,1.26668,1.267,2.82,1.50
2012.09.18 01:03:53.579,1.26668,1.26694,1.69,2.25
2012.09.18 01:03:54.147,1.26668,1.26694,1.69,2.25
2012.09.18 01:03:55.468,1.26668,1.26683,1.69,1.50
2012.09.18 01:03:57.211,1.26668,1.26685,1.69,1.50
2012.09.18 01:03:57.290,1.26668,1.26697,1.69,2.25
2012.09.18 01:03:57.705,1.26668,1.267,1.88,1.50
2012.09.18 01:03:57.993,1.26668,1.26699,1.32,1.50
2012.09.18 01:03:58.220,1.26668,1.26699,1.32,2.25
2012.09.18 01:03:58.501,1.26668,1.26699,1.32,3.00
2012.09.18 01:03:58.992,1.26668,1.26699,1.32,1.50
2012.09.18 01:03:59.148,1.26668,1.26699,1.32,2.25
2012.09.18 01:03:59.453,1.26668,1.26702,1.32,2.25
2012.09.18 01:03:59.532,1.26668,1.26697,1.32,1.50
2012.09.18 01:03:59.679,1.26668,1.26697,1.32,2.25
2012.09.18 01:04:00.229,1.26667,1.26698,2.44,1.50
2012.09.18 01:04:00.509,1.26667,1.26698,1.69,3.00
2012.09.18 01:04:00.718,1.26675,1.26702,1.50,1.50
2012.09.18 01:04:01.328,1.26673,1.26702,1.50,2.25
2012.09.18 01:04:01.401,1.26667,1.26702,2.67,2.25
2012.09.18 01:04:01.487,1.26667,1.26696,1.73,1.50
2012.09.18 01:04:01.842,1.26661,1.2669,1.50,1.13
2012.09.18 01:04:02.461,1.26661,1.2669,1.50,1.13
2012.09.18 01:04:02.661,1.26661,1.26693,1.50,1.88
2012.09.18 01:04:02.871,1.26661,1.26694,1.50,1.13
2012.09.18 01:04:03.958,1.26661,1.2669,1.50,1.13
2012.09.18 01:04:04.180,1.26661,1.2669,1.50,1.13
2012.09.18 01:04:04.259,1.26661,1.26694,1.50,2.63
2012.09.18 01:04:07.772,1.26661,1.26694,1.50,1.13
2012.09.18 01:04:07.971,1.26661,1.26692,1.50,1.13
2012.09.18 01:04:08.472,1.26661,1.2669,1.50,1.13
2012.09.18 01:04:08.899,1.26661,1.26693,1.50,1.13
2012.09.18 01:04:09.679,1.26667,1.267,1.50,2.07
2012.09.18 01:04:09.831,1.26667,1.267,1.50,1.50
2012.09.18 01:04:10.389,1.26666,1.267,1.50,1.50
2012.09.18 01:04:12.146,1.26666,1.267,1.50,1.50
2012.09.18 01:04:12.523,1.26671,1.267,1.50,1.50
2012.09.18 01:04:12.672,1.26671,1.26704,1.50,1.32
2012.09.18 01:04:13.312,1.26671,1.26705,1.50,1.50
2012.09.18 01:04:13.694,1.26677,1.26705,1.50,1.50
2012.09.18 01:04:14.761,1.26676,1.26705,1.13,1.50
2012.09.18 01:04:15.293,1.26666,1.26702,2.25,3.57
2012.09.18 01:04:15.509,1.26672,1.26702,1.50,2.82
2012.09.18 01:04:15.661,1.26672,1.26702,1.50,2.07
2012.09.18 01:04:16.162,1.26666,1.26699,1.50,1.50
2012.09.18 01:04:16.255,1.26662,1.26699,1.50,3.00
2012.09.18 01:04:16.403,1.26662,1.26694,1.50,1.50
2012.09.18 01:04:16.482,1.26662,1.26689,1.50,1.88
2012.09.18 01:04:16.829,1.26662,1.26689,1.50,2.44
2012.09.18 01:04:18.420,1.26662,1.26689,1.50,1.88
2012.09.18 01:04:18.499,1.26662,1.26689,1.50,1.88
2012.09.18 01:04:18.639,1.26661,1.26687,1.50,1.32
2012.09.18 01:04:19.004,1.2666,1.26689,1.50,2.10
2012.09.18 01:04:19.080,1.2666,1.26689,1.50,2.10
2012.09.18 01:04:19.440,1.2666,1.26687,1.50,1.32
2012.09.18 01:04:20.172,1.2666,1.26687,1.50,1.32
2012.09.18 01:04:20.671,1.26657,1.26682,1.50,1.32
2012.09.18 01:04:22.888,1.26649,1.26684,1.50,1.32
2012.09.18 01:04:22.971,1.26652,1.26686,1.50,2.25
2012.09.18 01:04:24.299,1.26652,1.26688,1.50,1.50
2012.09.18 01:04:26.331,1.26656,1.26688,2.25,1.50
2012.09.18 01:04:26.552,1.26662,1.26693,1.50,1.50
2012.09.18 01:04:26.631,1.26664,1.26694,1.50,1.50
2012.09.18 01:04:27.119,1.26664,1.26694,1.50,1.50
2012.09.18 01:04:30.621,1.26672,1.26695,1.50,1.32
2012.09.18 01:04:30.984,1.26672,1.26693,1.50,1.13
2012.09.18 01:04:31.552,1.26676,1.26693,1.50,1.13
2012.09.18 01:04:31.951,1.26674,1.26693,1.50,1.13
2012.09.18 01:04:32.241,1.26674,1.26704,1.50,2.44
2012.09.18 01:04:32.319,1.26674,1.26704,1.50,1.88
2012.09.18 01:04:33.380,1.26673,1.26702,1.50,1.13
2012.09.18 01:04:33.603,1.26674,1.26702,1.50,1.13
2012.09.18 01:04:33.683,1.26677,1.26708,1.50,1.20
2012.09.18 01:04:33.904,1.26677,1.26708,1.50,1.13
2012.09.18 01:04:33.980,1.26674,1.26708,3.00,1.88
2012.09.18 01:04:34.485,1.26674,1.26704,1.50,1.13
2012.09.18 01:04:36.161,1.26674,1.26701,1.50,1.13
2012.09.18 01:04:36.314,1.26672,1.26698,1.50,1.13
2012.09.18 01:04:43.471,1.2667,1.26698,1.50,1.69
2012.09.18 01:04:46.443,1.26665,1.26697,1.50,1.13
2012.09.18 01:04:46.773,1.26665,1.26697,1.50,1.35
2012.09.18 01:04:47.984,1.26671,1.267,1.50,1.54
2012.09.18 01:04:48.071,1.26671,1.267,3.00,1.32
2012.09.18 01:04:48.290,1.26676,1.26701,1.50,2.10
2012.09.18 01:04:48.792,1.26683,1.26701,1.50,1.13
2012.09.18 01:04:49.666,1.2668,1.267,1.50,1.32
2012.09.18 01:04:49.826,1.26677,1.267,2.25,1.32
2012.09.18 01:04:50.062,1.26671,1.267,1.50,1.32
2012.09.18 01:04:50.282,1.26671,1.267,1.50,1.32
2012.09.18 01:04:54.342,1.26675,1.26701,1.50,1.32
2012.09.18 01:04:54.700,1.26676,1.26702,1.50,1.13
2012.09.18 01:04:54.782,1.26676,1.26702,1.50,1.13
2012.09.18 01:04:55.145,1.26679,1.26702,1.50,1.13
2012.09.18 01:04:55.506,1.26675,1.26701,1.50,1.32
2012.09.18 01:04:55.593,1.26675,1.26701,1.50,1.32
2012.09.18 01:04:58.199,1.26676,1.26704,1.50,1.35
2012.09.18 01:04:58.280,1.26676,1.26706,1.50,1.54
2012.09.18 01:04:58.820,1.26678,1.26706,1.50,1.32
2012.09.18 01:04:58.973,1.26669,1.26693,2.25,1.50
2012.09.18 01:04:59.052,1.26669,1.26689,2.25,1.35
2012.09.18 01:04:59.133,1.26662,1.26689,1.50,1.35
2012.09.18 01:04:59.280,1.26664,1.26699,2.25,1.73
2012.09.18 01:04:59.362,1.26664,1.26703,2.25,2.48
2012.09.18 01:04:59.442,1.26668,1.26702,1.50,1.50
2012.09.18 01:04:59.780,1.26671,1.26704,1.50,1.35
2012.09.18 01:04:59.863,1.26671,1.26701,1.50,1.32
2012.09.18 01:05:00.086,1.26669,1.26701,3.00,1.32
2012.09.18 01:05:00.942,1.26674,1.26702,2.25,1.13
2012.09.18 01:05:01.094,1.26674,1.26704,2.25,1.13
2012.09.18 01:05:01.170,1.26674,1.26704,2.25,1.13
2012.09.18 01:05:02.579,1.26671,1.26704,3.00,1.13
2012.09.18 01:05:02.661,1.26671,1.26704,3.00,1.13
2012.09.18 01:05:03.020,1.26673,1.26706,1.50,1.13
2012.09.18 01:05:06.329,1.26673,1.26704,1.50,1.13
2012.09.18 01:05:06.689,1.26673,1.26704,1.50,3.04
2012.09.18 01:05:06.909,1.26672,1.26704,3.00,2.82
2012.09.18 01:05:07.541,1.26672,1.26702,3.00,1.32
2012.09.18 01:05:13.515,1.26671,1.26702,1.50,1.32
2012.09.18 01:05:15.074,1.26673,1.26704,1.50,1.17
2012.09.18 01:05:15.614,1.26675,1.26709,1.50,3.00
2012.09.18 01:05:17.849,1.26675,1.26709,1.50,2.63
2012.09.18 01:05:17.930,1.26682,1.2671,1.50,1.17
2012.09.18 01:05:18.293,1.2668,1.26713,1.50,1.69
2012.09.18 01:05:18.371,1.2668,1.26713,1.50,1.13
2012.09.18 01:05:18.450,1.26682,1.26715,1.50,1.73
2012.09.18 01:05:18.650,1.26682,1.26715,1.50,1.88
2012.09.18 01:05:19.013,1.26682,1.26713,1.50,1.13
2012.09.18 01:05:19.443,1.26682,1.26718,1.50,2.82
2012.09.18 01:05:20.000,1.26682,1.26718,2.25,2.82
2012.09.18 01:05:20.219,1.26684,1.26718,1.50,3.57
2012.09.18 01:05:21.909,1.26684,1.26718,1.50,2.25
2012.09.18 01:05:23.547,1.26682,1.26718,1.50,2.63
2012.09.18 01:05:23.890,1.26681,1.26714,1.50,3.00
2012.09.18 01:05:24.219,1.26681,1.26714,1.50,2.25
2012.09.18 01:05:28.204,1.26681,1.26715,2.25,1.92
2012.09.18 01:05:33.328,1.26681,1.26714,3.00,1.13
2012.09.18 01:05:33.759,1.26681,1.26714,3.75,1.13
2012.09.18 01:05:38.839,1.26685,1.26714,1.50,1.13
2012.09.18 01:05:42.888,1.26685,1.26714,1.50,1.13
2012.09.18 01:05:43.251,1.26682,1.26711,1.50,2.85
2012.09.18 01:05:43.609,1.26678,1.26708,1.50,1.35
2012.09.18 01:05:47.999,1.26681,1.2671,2.25,1.13
2012.09.18 01:05:48.469,1.2668,1.2671,1.50,1.13
2012.09.18 01:05:51.459,1.2668,1.26707,1.50,1.13
2012.09.18 01:05:51.540,1.26678,1.26707,1.50,1.13
2012.09.18 01:05:51.819,1.26678,1.26707,1.50,1.13
2012.09.18 01:05:58.190,1.2668,1.26712,1.50,3.79
2012.09.18 01:05:58.271,1.26684,1.26713,1.50,1.17
2012.09.18 01:05:58.422,1.26684,1.26714,3.00,2.82
2012.09.18 01:05:58.990,1.26686,1.26714,1.50,2.82
2012.09.18 01:05:59.519,1.26686,1.26714,1.50,1.69
2012.09.18 01:06:01.921,1.26687,1.26718,1.50,1.17
2012.09.18 01:06:02.060,1.26687,1.26719,1.50,1.13
2012.09.18 01:06:02.144,1.26687,1.26719,1.50,1.88
2012.09.18 01:06:02.468,1.26689,1.26719,1.50,1.13
2012.09.18 01:06:06.448,1.2669,1.26719,1.50,1.13
2012.09.18 01:06:07.492,1.2669,1.2672,1.50,1.32
2012.09.18 01:06:07.710,1.2669,1.26723,1.50,1.32
2012.09.18 01:06:08.002,1.26685,1.26718,1.50,1.50
2012.09.18 01:06:08.149,1.26685,1.26718,1.50,1.50
2012.09.18 01:06:08.369,1.26687,1.26722,1.50,2.48
2012.09.18 01:06:08.452,1.26684,1.26719,1.32,1.88
2012.09.18 01:06:10.931,1.26684,1.26718,1.32,2.25
2012.09.18 01:06:11.381,1.26684,1.26716,1.32,1.50
2012.09.18 01:06:11.461,1.26684,1.26716,1.32,1.50
2012.09.18 01:06:12.000,1.26682,1.26708,1.50,1.32
2012.09.18 01:06:19.909,1.26682,1.26708,1.50,1.32
2012.09.18 01:06:22.411,1.26682,1.26712,1.50,1.32
2012.09.18 01:06:22.490,1.26682,1.26714,1.50,1.54
2012.09.18 01:06:24.171,1.26678,1.26709,3.00,1.32
2012.09.18 01:06:24.689,1.2668,1.26709,1.50,1.32
2012.09.18 01:06:25.504,1.2668,1.26709,1.50,1.32
2012.09.18 01:06:31.161,1.2668,1.26709,1.50,1.32
2012.09.18 01:06:31.637,1.2668,1.26709,1.50,1.32
2012.09.18 01:06:32.420,1.2668,1.26714,1.50,1.73
2012.09.18 01:06:32.499,1.2668,1.26715,1.50,1.54
2012.09.18 01:06:33.043,1.26681,1.26715,1.50,1.32
2012.09.18 01:06:35.528,1.26682,1.26715,2.25,1.32
2012.09.18 01:06:38.435,1.26682,1.26716,3.00,1.88
2012.09.18 01:06:39.645,1.26682,1.26716,3.00,1.32
2012.09.18 01:06:41.133,1.26682,1.26716,3.00,1.32
2012.09.18 01:06:41.399,1.26687,1.26721,1.50,1.92
2012.09.18 01:06:41.610,1.26687,1.26722,1.50,2.67
2012.09.18 01:06:41.692,1.26686,1.26722,2.25,1.32
2012.09.18 01:06:42.243,1.26683,1.2672,1.13,2.48
2012.09.18 01:06:42.885,1.26685,1.26722,2.25,1.32
2012.09.18 01:06:49.270,1.26689,1.26722,1.50,1.32
2012.09.18 01:06:56.179,1.26693,1.26717,1.50,1.13
2012.09.18 01:06:56.882,1.26692,1.26715,1.50,1.32
2012.09.18 01:06:58.071,1.2669,1.26715,1.50,1.32
2012.09.18 01:07:10.950,1.26687,1.26715,1.50,1.32
2012.09.18 01:07:11.171,1.26687,1.26719,1.50,1.54
2012.09.18 01:07:11.250,1.26687,1.26722,1.50,1.35
2012.09.18 01:07:11.700,1.26687,1.26722,1.50,1.13
2012.09.18 01:07:17.852,1.26687,1.26717,1.50,1.32
2012.09.18 01:07:17.932,1.26685,1.26717,3.00,1.32
2012.09.18 01:07:19.549,1.26683,1.26716,1.50,2.25
2012.09.18 01:07:19.631,1.26683,1.26716,1.50,3.00
2012.09.18 01:07:30.261,1.26683,1.26716,1.50,1.50
2012.09.18 01:07:30.342,1.26683,1.26718,1.50,1.73
2012.09.18 01:07:30.772,1.26686,1.2672,1.13,1.50
2012.09.18 01:07:31.190,1.26686,1.26723,1.13,1.50
2012.09.18 01:07:31.839,1.26686,1.26723,1.13,1.50
2012.09.18 01:07:32.727,1.26682,1.26718,1.50,1.50
2012.09.18 01:07:33.094,1.26679,1.26707,1.32,1.50
2012.09.18 01:07:33.176,1.26682,1.26715,1.50,3.98
2012.09.18 01:07:33.334,1.26682,1.26712,1.50,2.25
2012.09.18 01:07:33.412,1.26686,1.26712,1.50,2.25
2012.09.18 01:07:33.954,1.26683,1.26719,2.25,1.13
2012.09.18 01:07:36.293,1.26686,1.26719,1.88,1.50
2012.09.18 01:07:40.843,1.26687,1.26721,1.32,1.50
2012.09.18 01:07:40.924,1.26687,1.26721,2.07,1.50
2012.09.18 01:07:41.356,1.26689,1.26724,1.50,3.38
2012.09.18 01:07:41.712,1.26692,1.26724,1.50,1.50
2012.09.18 01:07:42.262,1.2669,1.26725,1.13,2.25
2012.09.18 01:07:42.472,1.2669,1.26725,1.13,2.25
2012.09.18 01:07:43.731,1.26689,1.26724,1.88,1.50
2012.09.18 01:07:43.951,1.2669,1.26725,1.13,2.25
2012.09.18 01:07:44.471,1.26694,1.26728,1.50,2.44
2012.09.18 01:07:44.870,1.26694,1.26728,1.50,1.32
2012.09.18 01:07:47.984,1.26694,1.26729,1.50,2.25
2012.09.18 01:07:49.609,1.26694,1.26729,1.50,3.38
2012.09.18 01:07:49.689,1.2669,1.26727,3.00,1.32
2012.09.18 01:07:49.899,1.2669,1.26727,2.25,1.32
2012.09.18 01:07:50.180,1.2669,1.26727,2.25,1.32
2012.09.18 01:07:50.682,1.2669,1.26727,2.25,1.32
2012.09.18 01:07:54.003,1.26691,1.26728,1.50,2.82
2012.09.18 01:07:55.977,1.2669,1.2672,2.25,1.32
2012.09.18 01:07:56.078,1.26683,1.2672,3.00,1.32
2012.09.18 01:07:56.221,1.26689,1.26722,2.25,1.35
2012.09.18 01:07:57.871,1.26691,1.26728,1.32,3.94
2012.09.18 01:07:57.951,1.26694,1.26728,1.50,2.63
2012.09.18 01:07:58.034,1.26694,1.26732,1.50,3.00
2012.09.18 01:07:58.403,1.26696,1.26732,1.50,2.25
2012.09.18 01:07:59.122,1.26696,1.26733,3.00,1.50
2012.09.18 01:07:59.411,1.26704,1.26735,1.50,2.25
2012.09.18 01:08:02.726,1.26699,1.26734,1.13,1.50
2012.09.18 01:08:03.010,1.26699,1.26734,1.13,1.50
2012.09.18 01:08:07.440,1.267,1.26734,2.25,1.50
2012.09.18 01:08:07.969,1.267,1.26733,2.25,1.50
2012.09.18 01:08:08.528,1.26704,1.26737,2.25,1.50
2012.09.18 01:08:09.988,1.26704,1.26738,2.82,1.50
2012.09.18 01:08:10.341,1.26705,1.26739,1.50,3.00
2012.09.18 01:08:10.421,1.26702,1.26738,2.07,1.50
2012.09.18 01:08:11.141,1.26705,1.26739,1.50,3.57
2012.09.18 01:08:12.489,1.26702,1.26733,1.69,1.50
2012.09.18 01:08:12.958,1.26704,1.26734,1.32,1.50
2012.09.18 01:08:18.199,1.26705,1.26735,2.25,1.50
2012.09.18 01:08:27.154,1.26705,1.26737,2.25,1.50
2012.09.18 01:08:32.688,1.26705,1.26737,1.50,1.50
2012.09.18 01:08:32.772,1.267,1.26737,2.25,1.50
2012.09.18 01:08:34.642,1.26702,1.26737,1.69,1.50
2012.09.18 01:08:34.722,1.26703,1.26737,1.69,1.50
2012.09.18 01:08:35.525,1.26703,1.26737,1.69,1.50
2012.09.18 01:08:36.213,1.26703,1.2673,1.69,1.50
2012.09.18 01:08:37.841,1.26703,1.26734,1.69,1.50
2012.09.18 01:08:38.201,1.26702,1.26734,1.32,1.50
2012.09.18 01:08:38.283,1.26695,1.26734,3.04,1.50
2012.09.18 01:08:38.501,1.267,1.2673,1.50,1.50
2012.09.18 01:08:38.584,1.267,1.26732,1.50,1.50
2012.09.18 01:08:38.659,1.26695,1.26735,1.32,2.25
2012.09.18 01:08:38.882,1.26693,1.26728,2.07,1.50
2012.09.18 01:08:39.101,1.26693,1.26728,2.07,1.50
2012.09.18 01:08:39.256,1.26692,1.26728,1.32,1.50
2012.09.18 01:08:39.344,1.2669,1.26728,1.50,1.50
2012.09.18 01:08:39.422,1.26696,1.2673,1.32,2.25
2012.09.18 01:08:39.734,1.26696,1.26734,1.32,2.25
2012.09.18 01:08:40.081,1.267,1.26734,1.50,1.50
2012.09.18 01:08:40.972,1.267,1.26735,1.50,1.50
2012.09.18 01:08:43.499,1.26697,1.2673,1.50,1.50
2012.09.18 01:08:45.241,1.2669,1.2673,1.50,2.25
2012.09.18 01:08:45.323,1.2669,1.26724,1.50,2.25
2012.09.18 01:08:45.403,1.2669,1.26723,1.50,1.50
2012.09.18 01:08:45.623,1.2669,1.26723,1.50,1.50
2012.09.18 01:08:46.903,1.2669,1.26723,1.50,1.50
2012.09.18 01:08:47.051,1.26697,1.26729,1.50,1.73
2012.09.18 01:08:47.130,1.26697,1.26729,1.50,1.73
2012.09.18 01:08:47.210,1.26697,1.26733,1.50,2.25
2012.09.18 01:08:48.202,1.26697,1.26728,1.50,1.50
2012.09.18 01:08:55.199,1.26697,1.26728,1.50,1.50
2012.09.18 01:08:55.729,1.26697,1.26728,1.50,1.50
2012.09.18 01:08:56.118,1.26697,1.26724,1.50,1.50
2012.09.18 01:08:58.498,1.26697,1.26724,1.50,1.50
2012.09.18 01:09:04.331,1.26697,1.26724,1.50,1.50
2012.09.18 01:09:06.838,1.26697,1.26724,1.50,1.50
2012.09.18 01:09:07.241,1.26697,1.26724,1.50,1.50
2012.09.18 01:09:07.642,1.26697,1.26724,1.50,1.50
2012.09.18 01:09:08.457,1.26697,1.26724,1.50,1.50
2012.09.18 01:09:08.533,1.26697,1.26728,1.50,1.50
2012.09.18 01:09:08.859,1.26697,1.26728,1.50,1.50
2012.09.18 01:09:09.502,1.26697,1.26728,1.50,1.50
2012.09.18 01:09:09.640,1.26697,1.26728,1.50,1.50
2012.09.18 01:09:15.829,1.26697,1.26728,1.50,1.50
2012.09.18 01:09:23.179,1.26697,1.26724,1.50,1.50
2012.09.18 01:09:28.238,1.26697,1.26727,1.50,1.50
2012.09.18 01:09:29.688,1.26697,1.26724,1.50,1.50
2012.09.18 01:09:32.338,1.26697,1.26724,1.50,1.50
2012.09.18 01:09:32.418,1.26697,1.26724,1.50,1.50
2012.09.18 01:09:32.569,1.26697,1.26729,1.50,1.50
2012.09.18 01:09:34.800,1.26697,1.26729,1.50,1.50
2012.09.18 01:09:52.609,1.26697,1.26727,1.50,1.50
2012.09.18 01:10:00.529,1.26697,1.26726,1.50,1.50
2012.09.18 01:10:00.847,1.26695,1.26724,1.50,1.50
2012.09.18 01:10:01.598,1.26697,1.26724,1.50,1.50
2012.09.18 01:10:01.674,1.26701,1.26728,1.50,1.50
2012.09.18 01:10:01.750,1.26701,1.26732,1.50,2.63
2012.09.18 01:10:01.900,1.26697,1.26732,1.32,2.25
2012.09.18 01:10:02.190,1.26697,1.26732,1.32,2.25
2012.09.18 01:10:04.460,1.26696,1.26732,1.50,2.25
2012.09.18 01:10:04.540,1.26696,1.26728,1.50,1.50
2012.09.18 01:10:04.690,1.26695,1.26728,1.50,1.50
2012.09.18 01:10:04.829,1.26695,1.26723,1.50,1.50
2012.09.18 01:10:05.651,1.26692,1.26723,1.13,1.50
2012.09.18 01:10:05.734,1.26691,1.26723,1.50,1.50
2012.09.18 01:10:09.538,1.26691,1.26723,1.50,1.50
2012.09.18 01:10:10.090,1.26688,1.26719,1.50,1.50
2012.09.18 01:10:10.230,1.26684,1.26719,1.32,3.00
2012.09.18 01:10:10.310,1.26685,1.26719,1.50,3.00
2012.09.18 01:10:12.210,1.26685,1.26719,1.50,3.38
2012.09.18 01:10:12.749,1.26685,1.26715,1.50,2.25
2012.09.18 01:10:15.139,1.26685,1.26712,1.50,1.13
2012.09.18 01:10:15.500,1.26674,1.26708,1.50,1.50
2012.09.18 01:10:15.579,1.26674,1.26708,1.50,1.50
2012.09.18 01:10:15.806,1.26678,1.26712,2.25,2.82
2012.09.18 01:10:16.104,1.26679,1.26712,1.50,2.07
2012.09.18 01:10:17.988,1.26679,1.26712,1.50,1.69
2012.09.18 01:10:18.132,1.2668,1.26713,1.50,1.32
2012.09.18 01:10:18.213,1.26681,1.26719,1.50,2.48
2012.09.18 01:10:18.293,1.2669,1.2672,1.50,1.50
2012.09.18 01:10:18.374,1.26681,1.2672,1.50,3.00
2012.09.18 01:10:18.732,1.26686,1.2672,1.50,1.50
2012.09.18 01:10:18.881,1.26687,1.2672,1.50,1.50
2012.09.18 01:10:19.244,1.26692,1.26722,1.50,1.50
2012.09.18 01:10:19.325,1.26692,1.26727,1.50,1.50
2012.09.18 01:10:19.487,1.26695,1.26729,1.50,1.32
2012.09.18 01:10:19.852,1.26701,1.26734,1.50,2.25
2012.09.18 01:10:20.276,1.26701,1.26734,1.50,2.25
2012.09.18 01:10:21.376,1.26701,1.26734,1.50,1.32
2012.09.18 01:10:21.454,1.26697,1.26731,1.50,1.50
2012.09.18 01:10:21.533,1.26697,1.26731,1.50,1.50
2012.09.18 01:10:21.680,1.26702,1.26731,1.50,1.50
2012.09.18 01:10:22.041,1.26702,1.26731,1.50,1.50
2012.09.18 01:10:24.543,1.26702,1.26734,1.50,1.32
2012.09.18 01:10:27.900,1.26699,1.26733,1.50,1.50
2012.09.18 01:10:27.980,1.26697,1.26732,1.50,1.50
2012.09.18 01:10:28.133,1.26697,1.26732,1.50,2.25
2012.09.18 01:10:28.778,1.26692,1.26728,1.50,1.88
2012.09.18 01:10:28.860,1.26692,1.26728,1.50,2.63
2012.09.18 01:10:35.701,1.26692,1.26728,1.50,2.25
2012.09.18 01:10:40.919,1.26692,1.26721,1.50,1.32
2012.09.18 01:10:41.139,1.26692,1.26721,1.50,1.32
2012.09.18 01:10:42.250,1.26692,1.26721,1.50,1.32
2012.09.18 01:10:42.462,1.26692,1.26723,1.50,2.07
2012.09.18 01:10:42.545,1.26692,1.26725,1.50,1.73
2012.09.18 01:10:42.691,1.26692,1.26727,1.50,3.57
2012.09.18 01:10:49.041,1.26692,1.26726,1.50,2.48
2012.09.18 01:10:54.691,1.26692,1.26722,1.50,1.32
2012.09.18 01:10:55.242,1.26692,1.26712,1.50,1.50
2012.09.18 01:10:56.540,1.26692,1.26715,1.50,1.50
2012.09.18 01:10:57.139,1.26692,1.26717,1.50,1.50
2012.09.18 01:10:57.818,1.26692,1.26722,1.50,1.32
2012.09.18 01:11:04.381,1.26692,1.26716,1.50,1.32
2012.09.18 01:11:04.461,1.26687,1.26716,1.50,1.32
2012.09.18 01:11:04.611,1.26687,1.26718,1.50,2.44
2012.09.18 01:11:04.692,1.26687,1.26718,1.50,2.44
2012.09.18 01:11:05.042,1.26692,1.26718,1.50,1.69
2012.09.18 01:11:05.121,1.26692,1.26718,1.50,1.69
2012.09.18 01:11:07.336,1.26693,1.26724,1.50,1.32
2012.09.18 01:11:07.481,1.26693,1.26727,1.50,2.07
2012.09.18 01:11:08.263,1.26696,1.26727,1.50,2.07
2012.09.18 01:11:08.830,1.26696,1.26731,1.50,2.44
2012.09.18 01:11:09.242,1.26696,1.26731,1.50,2.44
2012.09.18 01:11:14.200,1.26696,1.26729,1.50,1.13
2012.09.18 01:11:14.282,1.26693,1.26726,1.50,2.25
2012.09.18 01:11:14.571,1.26693,1.26726,1.50,2.25
2012.09.18 01:11:15.120,1.26693,1.26726,1.50,2.25
2012.09.18 01:11:15.694,1.26697,1.2673,1.50,3.42
2012.09.18 01:11:15.922,1.26697,1.2673,1.50,1.50
2012.09.18 01:11:16.991,1.26697,1.2673,1.50,1.50
2012.09.18 01:11:18.732,1.26697,1.26735,1.50,2.25
2012.09.18 01:11:18.809,1.26697,1.26735,1.50,2.25
2012.09.18 01:11:19.153,1.26697,1.2673,1.50,2.44
2012.09.18 01:11:19.649,1.26693,1.26729,2.25,1.32
2012.09.18 01:11:19.733,1.26693,1.26729,1.50,2.07
2012.09.18 01:11:20.239,1.26693,1.26729,1.50,1.54
2012.09.18 01:11:20.450,1.26693,1.26731,2.07,3.04
2012.09.18 01:11:20.659,1.26696,1.26731,1.50,1.50
2012.09.18 01:11:20.870,1.26696,1.26735,1.50,2.63
2012.09.18 01:11:21.351,1.26696,1.2673,1.50,1.88
2012.09.18 01:11:21.712,1.26693,1.26723,1.50,1.50
2012.09.18 01:11:22.071,1.2669,1.26723,1.50,2.25
2012.09.18 01:11:23.160,1.26693,1.26723,1.50,1.50
2012.09.18 01:11:23.311,1.26693,1.26725,1.50,1.50
2012.09.18 01:11:23.391,1.26693,1.26728,1.50,3.38
2012.09.18 01:11:23.470,1.26693,1.26727,1.50,1.73
2012.09.18 01:11:24.021,1.26689,1.26723,1.50,2.25
2012.09.18 01:11:24.945,1.26683,1.26715,1.50,1.69
2012.09.18 01:11:26.497,1.26689,1.26718,1.50,3.04
2012.09.18 01:11:26.576,1.26691,1.26718,1.50,2.48
2012.09.18 01:11:26.932,1.26693,1.26723,1.50,1.50
2012.09.18 01:11:27.205,1.26693,1.26721,1.50,1.32
2012.09.18 01:11:27.282,1.26691,1.26721,1.50,1.32
2012.09.18 01:11:27.641,1.26691,1.26722,2.25,1.50
2012.09.18 01:11:27.720,1.26693,1.26727,1.50,2.29
2012.09.18 01:11:27.940,1.26693,1.26727,1.50,2.07
2012.09.18 01:11:28.023,1.26693,1.26725,1.50,2.25
2012.09.18 01:11:28.463,1.26687,1.26719,1.50,1.13
2012.09.18 01:11:28.953,1.26692,1.26719,1.50,1.35
2012.09.18 01:11:29.173,1.26692,1.26719,1.50,1.13
2012.09.18 01:11:29.322,1.26684,1.26719,2.25,1.88
2012.09.18 01:11:29.742,1.26687,1.2672,1.50,1.35
2012.09.18 01:11:29.822,1.2669,1.2672,1.50,1.35
2012.09.18 01:11:32.171,1.26692,1.2672,1.50,1.13
2012.09.18 01:11:33.470,1.2669,1.2672,1.50,1.13
2012.09.18 01:11:33.551,1.26688,1.2672,1.50,1.13
2012.09.18 01:11:33.631,1.2669,1.2672,1.50,1.13
2012.09.18 01:11:33.710,1.26692,1.26721,1.50,1.17
2012.09.18 01:11:33.792,1.26692,1.26723,1.50,1.69
2012.09.18 01:11:33.870,1.26692,1.26723,1.50,1.69
2012.09.18 01:11:33.949,1.26691,1.26721,1.50,1.32
2012.09.18 01:11:34.620,1.26691,1.26721,1.50,1.32
2012.09.18 01:11:35.259,1.26691,1.26721,1.50,1.32
2012.09.18 01:11:35.580,1.26685,1.26719,1.50,1.35
2012.09.18 01:11:35.923,1.26685,1.26719,1.50,1.35
2012.09.18 01:11:36.211,1.26686,1.26719,1.50,1.35
2012.09.18 01:11:40.169,1.26685,1.26721,1.50,3.23
2012.09.18 01:11:40.253,1.26685,1.26721,1.50,3.00
2012.09.18 01:11:40.725,1.26689,1.26721,1.50,1.50
2012.09.18 01:11:41.229,1.2669,1.26721,1.50,1.50
2012.09.18 01:11:44.027,1.26691,1.26721,1.50,1.50
2012.09.18 01:11:45.929,1.26693,1.26721,1.50,1.50
2012.09.18 01:11:46.010,1.26693,1.26724,1.88,1.50
2012.09.18 01:11:46.159,1.26696,1.26724,1.50,1.50
2012.09.18 01:11:46.469,1.26696,1.26724,1.50,1.50
2012.09.18 01:11:56.978,1.26696,1.26724,1.50,1.50
2012.09.18 01:11:57.109,1.26696,1.2673,1.50,1.50
2012.09.18 01:11:57.860,1.26696,1.2673,1.50,1.50
2012.09.18 01:11:58.190,1.26696,1.2673,1.50,1.50
2012.09.18 01:11:58.550,1.26696,1.26726,1.50,1.50
2012.09.18 01:11:59.127,1.26703,1.26726,1.32,1.50
2012.09.18 01:12:00.630,1.26703,1.26731,1.32,1.50
2012.09.18 01:12:01.882,1.26704,1.26731,1.50,1.50
2012.09.18 01:12:06.065,1.26708,1.26731,1.32,1.50
2012.09.18 01:12:06.411,1.26711,1.26738,1.50,1.50
2012.09.18 01:12:06.716,1.26711,1.26738,1.50,1.50
2012.09.18 01:12:06.804,1.26711,1.26742,1.50,1.50
2012.09.18 01:12:07.023,1.26709,1.26738,1.32,1.50
2012.09.18 01:12:07.241,1.26709,1.26735,1.32,1.50
2012.09.18 01:12:07.550,1.26709,1.26735,1.32,1.50
2012.09.18 01:12:08.531,1.26709,1.26739,1.32,1.50
2012.09.18 01:12:08.750,1.26709,1.26739,1.32,1.50
2012.09.18 01:12:09.320,1.26709,1.26739,1.32,1.50
2012.09.18 01:12:18.113,1.26716,1.26744,1.32,1.50
2012.09.18 01:12:18.250,1.26716,1.26744,1.32,1.50
2012.09.18 01:12:20.190,1.26716,1.26744,1.32,1.50
2012.09.18 01:12:25.966,1.26722,1.26747,1.32,1.50
2012.09.18 01:12:26.043,1.26722,1.26747,1.32,1.50
2012.09.18 01:12:26.293,1.26722,1.26747,1.32,1.50
2012.09.18 01:12:26.370,1.26722,1.26747,1.32,1.50
2012.09.18 01:12:26.591,1.2672,1.26747,1.13,1.50
2012.09.18 01:12:26.752,1.2672,1.26744,1.13,1.50
2012.09.18 01:12:27.103,1.2672,1.26741,1.13,1.50
2012.09.18 01:12:30.381,1.26714,1.26741,1.32,1.50
2012.09.18 01:12:30.462,1.26706,1.26739,2.07,1.50
2012.09.18 01:12:30.543,1.26706,1.26738,2.07,1.50
2012.09.18 01:12:30.765,1.2671,1.26743,1.50,2.25
2012.09.18 01:12:30.914,1.26712,1.26743,1.50,2.25
2012.09.18 01:12:31.202,1.26706,1.26743,2.29,2.25
2012.09.18 01:12:31.560,1.26706,1.2674,1.32,2.25
2012.09.18 01:12:32.150,1.26701,1.26739,1.50,1.50
2012.09.18 01:12:32.232,1.267,1.26738,3.00,2.25
2012.09.18 01:12:39.120,1.26699,1.26734,1.88,2.25
2012.09.18 01:12:39.482,1.26702,1.26736,1.50,1.13
2012.09.18 01:12:39.773,1.26694,1.26728,1.50,1.50
2012.09.18 01:12:39.964,1.26697,1.26734,1.50,2.25
2012.09.18 01:12:40.173,1.26701,1.26734,1.50,2.25
2012.09.18 01:12:40.254,1.26701,1.26736,1.50,1.13
2012.09.18 01:12:40.643,1.26701,1.26738,1.50,1.13
2012.09.18 01:12:41.064,1.26701,1.26734,1.69,3.00
2012.09.18 01:12:41.142,1.26701,1.26734,1.69,3.00
2012.09.18 01:12:41.504,1.26701,1.26729,1.13,1.50
2012.09.18 01:12:41.862,1.26694,1.26727,1.50,1.54
2012.09.18 01:12:44.570,1.26696,1.26727,1.50,1.54
2012.09.18 01:12:46.654,1.26696,1.26726,1.50,2.25
2012.09.18 01:12:46.860,1.26696,1.2673,1.50,1.13
2012.09.18 01:12:46.943,1.26699,1.26732,1.13,1.50
2012.09.18 01:12:47.470,1.26699,1.26734,1.13,2.07
2012.09.18 01:12:47.551,1.26699,1.26734,1.13,2.07
2012.09.18 01:12:47.902,1.26699,1.26734,1.13,2.07
2012.09.18 01:12:48.250,1.26708,1.26737,1.32,2.07
2012.09.18 01:12:48.335,1.26708,1.26741,1.32,1.50
2012.09.18 01:13:28.379,1.26706,1.2674,2.07,1.50
2012.09.18 01:13:30.582,1.26706,1.26738,2.07,1.50
2012.09.18 01:13:31.140,1.26706,1.26738,2.07,2.25
2012.09.18 01:13:31.222,1.26706,1.26737,2.07,1.50
2012.09.18 01:13:36.883,1.26706,1.26733,2.07,1.13
2012.09.18 01:13:36.963,1.26705,1.26733,1.32,1.13
2012.09.18 01:13:37.111,1.26702,1.26733,1.50,1.13
2012.09.18 01:13:37.332,1.26702,1.26734,1.50,1.13
2012.09.18 01:13:39.212,1.26707,1.26737,1.50,1.50
2012.09.18 01:13:39.434,1.26698,1.26734,2.48,1.13
2012.09.18 01:13:39.653,1.26706,1.26737,1.50,3.00
2012.09.18 01:13:40.005,1.26706,1.26737,1.50,2.63
2012.09.18 01:13:40.093,1.26703,1.26732,1.32,1.50
2012.09.18 01:13:40.550,1.26703,1.26738,1.32,3.00
2012.09.18 01:13:40.632,1.26707,1.26738,1.50,2.25
2012.09.18 01:13:40.770,1.26707,1.26731,1.50,1.50
2012.09.18 01:13:40.984,1.26705,1.26733,1.32,1.50
2012.09.18 01:13:41.180,1.26706,1.26738,1.50,3.00
2012.09.18 01:13:41.391,1.26705,1.26731,1.32,1.50
2012.09.18 01:13:41.471,1.26705,1.26733,1.32,1.50
2012.09.18 01:13:41.551,1.26705,1.26734,1.32,1.13
2012.09.18 01:13:41.633,1.26705,1.26732,2.07,1.50
2012.09.18 01:13:41.973,1.26702,1.26732,1.50,2.25
2012.09.18 01:13:42.119,1.26702,1.26732,1.50,1.50
2012.09.18 01:13:42.702,1.26702,1.26734,1.50,1.50
2012.09.18 01:13:42.960,1.26703,1.26737,1.32,3.00
2012.09.18 01:13:43.516,1.26703,1.26732,1.32,1.50
2012.09.18 01:13:55.173,1.26704,1.26733,1.50,1.13
2012.09.18 01:13:55.535,1.26702,1.26731,1.50,1.13
2012.09.18 01:13:56.740,1.26702,1.26731,1.50,1.13
2012.09.18 01:13:57.444,1.26706,1.26731,1.50,1.13
2012.09.18 01:13:57.521,1.26706,1.26736,1.50,1.50
2012.09.18 01:14:04.220,1.26706,1.26737,1.50,1.50
2012.09.18 01:14:07.060,1.26704,1.26737,2.07,2.25
2012.09.18 01:14:07.902,1.26703,1.26733,1.32,1.13
2012.09.18 01:14:07.981,1.26703,1.26731,1.32,1.13
2012.09.18 01:14:10.487,1.26703,1.26732,1.32,1.13
2012.09.18 01:14:10.643,1.26702,1.26735,1.50,1.88
2012.09.18 01:14:10.721,1.26705,1.26735,1.50,1.88
2012.09.18 01:14:15.910,1.26707,1.26738,1.13,1.13
2012.09.18 01:14:16.261,1.26712,1.26739,1.50,1.88
2012.09.18 01:14:16.750,1.26712,1.26743,1.50,2.25
2012.09.18 01:14:17.069,1.26712,1.26743,1.50,2.25
2012.09.18 01:14:18.771,1.26706,1.26741,2.25,1.13
2012.09.18 01:14:19.499,1.26706,1.26739,2.25,1.13
2012.09.18 01:14:22.289,1.26706,1.26739,2.25,2.63
2012.09.18 01:14:26.100,1.26706,1.26739,1.50,2.63
2012.09.18 01:14:27.848,1.26704,1.26739,2.25,2.63
2012.09.18 01:14:36.569,1.26704,1.26736,1.50,1.50
2012.09.18 01:14:40.762,1.26705,1.26739,1.50,1.13
2012.09.18 01:14:42.173,1.26702,1.26739,2.07,1.13
2012.09.18 01:14:42.452,1.26702,1.26734,1.32,1.13
2012.09.18 01:14:44.331,1.26702,1.26735,1.32,2.25
2012.09.18 01:14:44.484,1.26702,1.26737,1.32,2.63
2012.09.18 01:14:45.980,1.26702,1.26734,1.32,1.50
2012.09.18 01:14:51.965,1.26701,1.26734,2.63,1.88
2012.09.18 01:14:52.446,1.26701,1.2673,1.50,1.50
2012.09.18 01:14:53.002,1.26698,1.2673,1.50,2.25
2012.09.18 01:14:53.081,1.26698,1.2673,1.50,2.25
2012.09.18 01:14:57.419,1.26699,1.2673,2.25,1.50
2012.09.18 01:14:57.760,1.26699,1.26728,1.50,1.13
2012.09.18 01:14:58.099,1.26704,1.26728,1.50,1.13
2012.09.18 01:14:58.697,1.26705,1.26728,1.50,1.13
2012.09.18 01:14:59.030,1.26705,1.26728,1.50,1.13
2012.09.18 01:14:59.300,1.26701,1.26728,1.50,1.13
2012.09.18 01:14:59.388,1.26705,1.26728,1.50,1.13
2012.09.18 01:14:59.779,1.26703,1.26732,1.50,1.50
2012.09.18 01:15:00.101,1.26699,1.26732,1.50,1.50
2012.09.18 01:15:01.119,1.26701,1.26731,1.50,1.50
2012.09.18 01:15:03.353,1.26702,1.26731,1.50,1.50
2012.09.18 01:15:03.505,1.26708,1.26736,1.50,2.63
2012.09.18 01:15:03.586,1.26708,1.26737,1.50,1.88
2012.09.18 01:15:03.873,1.26713,1.26747,1.50,1.50
2012.09.18 01:15:04.088,1.26711,1.26748,1.50,1.50
2012.09.18 01:15:05.311,1.26712,1.26748,1.50,1.88
2012.09.18 01:15:05.463,1.26712,1.26748,1.50,2.63
2012.09.18 01:15:06.038,1.26712,1.26748,1.50,3.38
2012.09.18 01:15:08.962,1.2671,1.26746,1.50,1.88
2012.09.18 01:15:16.152,1.26712,1.26747,1.50,1.13
2012.09.18 01:15:18.602,1.26712,1.26748,1.32,1.88
2012.09.18 01:15:19.388,1.26712,1.26748,2.07,1.88
2012.09.18 01:15:21.101,1.26712,1.26747,1.50,1.13
2012.09.18 01:15:21.353,1.26712,1.26748,1.50,1.88
2012.09.18 01:15:23.852,1.26712,1.26748,1.50,1.13
2012.09.18 01:15:24.196,1.26712,1.26747,1.50,1.13
2012.09.18 01:15:43.984,1.26709,1.26741,2.82,1.13
2012.09.18 01:15:44.560,1.26709,1.26741,2.25,1.13
2012.09.18 01:15:45.064,1.2671,1.26741,1.32,1.13
2012.09.18 01:15:45.274,1.26712,1.26746,1.50,1.13
2012.09.18 01:15:46.693,1.26709,1.26744,2.25,1.13
2012.09.18 01:15:46.914,1.26706,1.26741,1.50,1.13
2012.09.18 01:15:59.942,1.26711,1.26741,1.50,1.13
2012.09.18 01:16:00.163,1.26711,1.26746,2.25,1.13
2012.09.18 01:16:00.244,1.26712,1.26747,1.50,1.13
2012.09.18 01:16:00.393,1.26712,1.26748,1.50,1.69
2012.09.18 01:16:12.632,1.26712,1.26748,1.50,1.13
2012.09.18 01:16:14.345,1.26713,1.26748,2.25,1.13
2012.09.18 01:16:16.981,1.26712,1.26748,2.07,1.13
2012.09.18 01:16:17.501,1.26712,1.26748,2.07,1.13
2012.09.18 01:16:19.391,1.26712,1.26748,2.07,1.13
2012.09.18 01:16:29.352,1.26715,1.26748,2.25,1.13
2012.09.18 01:16:33.795,1.26712,1.26745,1.50,1.50
2012.09.18 01:16:36.551,1.26712,1.26747,1.50,1.88
2012.09.18 01:16:37.631,1.26712,1.26747,1.50,1.13
2012.09.18 01:16:37.961,1.26712,1.26746,1.50,1.13
2012.09.18 01:16:39.088,1.26712,1.26746,1.50,1.13
2012.09.18 01:16:40.077,1.26712,1.26746,1.50,1.13
2012.09.18 01:16:41.404,1.26712,1.26746,1.50,1.13
2012.09.18 01:16:43.341,1.26712,1.26746,1.50,1.13
2012.09.18 01:17:00.691,1.26712,1.26746,2.25,1.13
2012.09.18 01:17:10.636,1.26716,1.26748,1.50,1.13
2012.09.18 01:17:10.971,1.26716,1.26747,1.50,1.13
2012.09.18 01:17:13.222,1.26715,1.26748,1.50,1.13
2012.09.18 01:17:14.576,1.26715,1.26748,1.50,1.13
2012.09.18 01:17:14.722,1.26717,1.26748,2.07,1.13
2012.09.18 01:17:16.194,1.26722,1.26753,1.50,1.13
2012.09.18 01:17:16.554,1.2673,1.26757,1.50,1.50
2012.09.18 01:17:16.709,1.26721,1.26757,1.50,3.00
2012.09.18 01:17:16.800,1.26721,1.26757,1.50,3.00
2012.09.18 01:17:16.957,1.26717,1.26751,1.32,1.88
2012.09.18 01:17:17.254,1.26716,1.26751,1.50,1.88
2012.09.18 01:17:17.675,1.26718,1.26751,1.32,1.88
2012.09.18 01:17:18.681,1.26722,1.26751,1.50,1.88
2012.09.18 01:17:19.045,1.26732,1.26751,1.50,1.50
2012.09.18 01:17:19.265,1.26732,1.26758,1.50,1.88
2012.09.18 01:17:20.027,1.26732,1.26758,1.50,1.88
2012.09.18 01:17:20.179,1.26732,1.26758,1.50,1.88
2012.09.18 01:17:20.723,1.26732,1.26758,1.50,1.88
2012.09.18 01:17:20.875,1.26737,1.26758,1.50,1.88
2012.09.18 01:17:21.027,1.26741,1.26762,1.50,1.50
2012.09.18 01:17:21.243,1.26739,1.26762,1.50,1.50
2012.09.18 01:17:21.466,1.26732,1.26762,1.32,1.50
2012.09.18 01:17:21.546,1.2673,1.26762,1.13,1.50
2012.09.18 01:17:21.623,1.2673,1.26759,1.13,1.13
2012.09.18 01:17:22.000,1.2673,1.26753,1.13,1.50
2012.09.18 01:17:22.348,1.2673,1.26757,1.13,1.50
2012.09.18 01:17:23.197,1.26721,1.26757,1.50,2.25
2012.09.18 01:17:23.576,1.26724,1.26757,1.50,3.00
2012.09.18 01:17:23.714,1.2673,1.26757,1.50,2.25
2012.09.18 01:17:24.622,1.26732,1.2676,1.50,2.25
2012.09.18 01:17:25.262,1.26732,1.2676,1.50,2.25
2012.09.18 01:17:26.402,1.26732,1.2676,1.50,2.25
2012.09.18 01:17:26.556,1.26732,1.2676,1.50,2.25
2012.09.18 01:17:26.704,1.26727,1.26758,1.50,1.13
2012.09.18 01:17:26.996,1.26727,1.26757,1.50,1.88
2012.09.18 01:17:27.216,1.26727,1.26757,1.50,1.88
2012.09.18 01:17:28.195,1.26727,1.26757,1.50,1.88
2012.09.18 01:17:29.998,1.26727,1.26757,1.50,1.88
2012.09.18 01:17:30.557,1.26727,1.26757,1.50,1.88
2012.09.18 01:17:31.472,1.26727,1.26758,1.50,1.13
2012.09.18 01:17:31.926,1.26724,1.26753,1.32,1.50
2012.09.18 01:17:32.075,1.26723,1.26753,1.32,1.73
2012.09.18 01:17:33.446,1.26722,1.26754,2.44,1.13
2012.09.18 01:17:33.528,1.26724,1.26758,1.32,1.13
2012.09.18 01:17:33.674,1.26724,1.26758,2.07,1.88
2012.09.18 01:17:39.331,1.26721,1.26758,2.07,1.13
2012.09.18 01:17:39.891,1.26721,1.26758,1.50,1.13
2012.09.18 01:17:41.676,1.26721,1.26756,1.50,1.13
2012.09.18 01:17:41.751,1.26719,1.26754,1.32,1.13
2012.09.18 01:17:41.894,1.26717,1.26749,1.69,1.13
2012.09.18 01:17:42.416,1.26717,1.26749,1.69,2.10
2012.09.18 01:17:42.775,1.26719,1.26749,1.32,1.13
2012.09.18 01:17:43.064,1.26717,1.26749,1.32,1.35
2012.09.18 01:17:43.423,1.26717,1.26751,2.07,2.82
2012.09.18 01:17:45.483,1.26717,1.26751,2.07,1.50
2012.09.18 01:17:45.634,1.26717,1.26749,2.07,1.13
2012.09.18 01:17:46.201,1.26717,1.2675,3.00,1.13
2012.09.18 01:17:51.133,1.26717,1.26751,3.00,2.25
2012.09.18 01:17:54.423,1.26717,1.2675,3.00,1.13
2012.09.18 01:18:06.752,1.26717,1.2675,3.00,1.50
2012.09.18 01:18:09.773,1.26717,1.2675,2.25,1.50
2012.09.18 01:18:43.350,1.26714,1.26751,1.32,2.25
2012.09.18 01:18:50.343,1.26714,1.26751,1.32,2.25
2012.09.18 01:18:50.425,1.26714,1.2675,1.32,1.50
2012.09.18 01:18:51.515,1.26714,1.2675,1.32,1.50
2012.09.18 01:18:51.873,1.26721,1.26756,1.50,1.73
2012.09.18 01:18:52.234,1.26727,1.26756,1.50,1.50
2012.09.18 01:18:55.333,1.26728,1.26757,1.50,1.50
2012.09.18 01:18:55.554,1.26735,1.26766,1.50,1.35
2012.09.18 01:18:55.706,1.26727,1.26765,1.73,1.50
2012.09.18 01:18:56.205,1.26726,1.26765,1.50,1.50
2012.09.18 01:18:56.712,1.26727,1.26765,1.50,2.25
2012.09.18 01:18:57.454,1.26727,1.26763,1.50,1.13
2012.09.18 01:18:57.534,1.26731,1.26764,1.50,1.13
2012.09.18 01:18:57.963,1.26732,1.26763,1.50,1.88
2012.09.18 01:18:58.572,1.26732,1.26765,1.50,1.13
2012.09.18 01:18:58.922,1.26732,1.26765,1.50,1.13
2012.09.18 01:18:59.217,1.26733,1.26765,1.50,1.13
2012.09.18 01:18:59.554,1.26732,1.26762,1.50,1.50
2012.09.18 01:18:59.926,1.26741,1.26765,1.50,1.50
2012.09.18 01:19:00.004,1.26741,1.26767,1.50,1.13
2012.09.18 01:19:00.708,1.26741,1.26767,1.50,1.13
2012.09.18 01:19:03.324,1.2674,1.26767,1.50,1.13
2012.09.18 01:19:06.573,1.2674,1.26765,1.50,1.13
2012.09.18 01:19:06.725,1.26736,1.26765,1.50,1.13
2012.09.18 01:19:07.155,1.26728,1.26764,1.32,1.13
2012.09.18 01:19:07.233,1.26728,1.26764,1.32,1.13
2012.09.18 01:19:08.461,1.26733,1.26765,1.50,1.35
2012.09.18 01:19:11.265,1.26731,1.26765,1.50,1.88
2012.09.18 01:19:31.164,1.26729,1.26763,1.69,1.13
2012.09.18 01:19:31.243,1.26729,1.26763,1.69,1.13
2012.09.18 01:19:35.462,1.26725,1.26763,1.32,1.13
2012.09.18 01:19:45.923,1.26732,1.26765,1.32,1.50
2012.09.18 01:19:46.075,1.26732,1.26767,1.32,1.13
2012.09.18 01:19:46.702,1.26732,1.26768,2.07,1.13
2012.09.18 01:19:50.066,1.26732,1.26767,2.07,1.13
2012.09.18 01:19:50.204,1.26729,1.26763,1.32,1.13
2012.09.18 01:19:56.074,1.26728,1.26763,1.50,1.13
2012.09.18 01:19:56.652,1.26728,1.26763,1.50,1.13
2012.09.18 01:19:56.733,1.26732,1.26763,1.50,1.13
2012.09.18 01:19:57.095,1.26725,1.26759,1.50,2.10
2012.09.18 01:19:57.659,1.26731,1.26761,1.50,1.50
2012.09.18 01:19:57.746,1.26732,1.26762,1.50,1.13
2012.09.18 01:19:57.965,1.26732,1.26762,1.50,1.13
2012.09.18 01:19:58.468,1.26732,1.26767,1.50,1.50
2012.09.18 01:20:00.282,1.26732,1.26766,1.50,1.13
2012.09.18 01:20:00.823,1.26732,1.26766,1.50,1.13
2012.09.18 01:20:05.113,1.26732,1.26766,1.50,1.50
2012.09.18 01:20:05.193,1.26728,1.26763,2.07,1.50
2012.09.18 01:20:05.963,1.26723,1.26756,2.25,1.13
2012.09.18 01:20:06.268,1.26723,1.26756,1.50,1.13
2012.09.18 01:20:06.362,1.26721,1.26756,2.82,1.13
2012.09.18 01:20:08.355,1.26721,1.26755,2.82,1.13
2012.09.18 01:20:08.705,1.26714,1.26738,1.50,1.50
2012.09.18 01:20:08.996,1.26717,1.26751,2.25,2.10
2012.09.18 01:20:09.215,1.26717,1.26751,2.25,1.13
2012.09.18 01:20:09.295,1.26725,1.26751,1.50,1.13
2012.09.18 01:20:12.074,1.26721,1.26751,2.25,1.88
2012.09.18 01:20:12.892,1.26721,1.2675,1.50,1.50
2012.09.18 01:20:13.303,1.26719,1.26745,1.50,1.13
2012.09.18 01:20:13.663,1.26718,1.26745,1.50,1.13
2012.09.18 01:20:13.873,1.26712,1.26745,1.50,1.13
2012.09.18 01:20:15.903,1.26712,1.26745,1.50,1.13
2012.09.18 01:20:16.467,1.26712,1.26746,1.50,1.32
2012.09.18 01:20:16.775,1.26712,1.26746,1.50,1.32
2012.09.18 01:20:18.108,1.26712,1.26746,1.50,1.32
2012.09.18 01:20:18.934,1.26711,1.26746,2.25,1.32
2012.09.18 01:20:20.654,1.26709,1.26741,2.25,1.13
2012.09.18 01:20:20.804,1.26706,1.26739,1.50,1.35
2012.09.18 01:20:21.576,1.26707,1.26743,1.50,2.63
2012.09.18 01:20:22.558,1.26707,1.26739,1.50,1.35
2012.09.18 01:20:22.705,1.26712,1.26744,1.50,2.07
2012.09.18 01:20:23.263,1.26712,1.26748,1.50,1.88
2012.09.18 01:20:23.776,1.26711,1.26744,1.50,1.32
2012.09.18 01:20:23.930,1.26711,1.26749,2.25,2.85
2012.09.18 01:20:24.280,1.26711,1.26745,1.50,1.13
2012.09.18 01:20:24.436,1.26711,1.26748,2.25,1.35
2012.09.18 01:20:24.518,1.26712,1.26748,1.50,2.10
2012.09.18 01:20:24.868,1.2671,1.26745,3.00,1.35
2012.09.18 01:20:25.596,1.2671,1.26745,3.00,1.35
2012.09.18 01:20:26.162,1.2671,1.26745,2.25,1.35
2012.09.18 01:20:26.247,1.2671,1.26745,1.50,2.10
2012.09.18 01:20:26.605,1.26712,1.26748,1.50,1.13
2012.09.18 01:20:28.614,1.26708,1.26745,3.00,1.13
2012.09.18 01:20:28.763,1.26708,1.26744,1.50,2.25
2012.09.18 01:20:32.192,1.2671,1.26745,1.50,1.32
2012.09.18 01:20:33.755,1.2671,1.26745,2.25,1.32
2012.09.18 01:20:33.835,1.26712,1.26748,1.50,3.00
2012.09.18 01:20:34.394,1.26713,1.26748,1.50,1.50
2012.09.18 01:20:34.908,1.26712,1.26748,1.50,3.00
2012.09.18 01:20:37.328,1.26708,1.26748,3.94,3.00
2012.09.18 01:20:37.554,1.26708,1.26744,3.94,1.50
2012.09.18 01:20:38.164,1.26708,1.26742,2.07,1.50
2012.09.18 01:20:38.914,1.26708,1.26742,2.07,1.50
2012.09.18 01:20:39.525,1.26708,1.26742,2.07,1.50
2012.09.18 01:20:40.053,1.26708,1.26742,1.50,2.25
2012.09.18 01:20:42.504,1.26708,1.26742,2.63,2.25
2012.09.18 01:20:43.479,1.26711,1.26745,1.50,1.32
2012.09.18 01:20:43.664,1.26712,1.26748,1.50,3.57
2012.09.18 01:20:43.744,1.26712,1.26748,1.50,3.00
2012.09.18 01:20:44.352,1.26712,1.26748,1.50,2.25
2012.09.18 01:20:49.002,1.26712,1.26748,1.50,2.25
2012.09.18 01:20:50.183,1.26715,1.26748,1.50,1.50
2012.09.18 01:20:50.542,1.26721,1.26752,1.50,1.50
2012.09.18 01:20:50.965,1.26724,1.26755,1.13,1.50
2012.09.18 01:20:51.045,1.26724,1.26755,1.13,1.50
2012.09.18 01:20:51.265,1.26716,1.2675,1.73,1.50
2012.09.18 01:20:51.483,1.26716,1.26745,1.50,1.50
2012.09.18 01:20:52.118,1.26717,1.26745,1.88,1.50
2012.09.18 01:20:52.199,1.26717,1.26749,2.25,1.50
2012.09.18 01:20:52.794,1.26717,1.26746,2.82,1.50
2012.09.18 01:20:52.878,1.26717,1.26749,2.82,1.50
2012.09.18 01:20:53.635,1.26717,1.26746,2.82,1.50
2012.09.18 01:20:54.016,1.26717,1.26744,2.82,1.50
2012.09.18 01:20:54.497,1.26718,1.2675,1.13,1.50
2012.09.18 01:20:55.208,1.26718,1.26753,1.13,2.82
2012.09.18 01:20:55.283,1.26719,1.26753,1.13,2.07
2012.09.18 01:20:55.675,1.26721,1.26756,2.25,2.29
2012.09.18 01:20:55.754,1.26722,1.26756,1.50,1.54
2012.09.18 01:20:55.978,1.26722,1.26759,1.50,2.82
2012.09.18 01:20:56.506,1.26722,1.26759,1.50,2.07
2012.09.18 01:20:58.295,1.26722,1.26757,1.50,1.50
2012.09.18 01:21:04.869,1.26722,1.26759,1.50,4.32
2012.09.18 01:21:06.054,1.26722,1.26757,1.50,1.50
2012.09.18 01:21:06.629,1.26722,1.26759,1.50,2.82
2012.09.18 01:21:07.153,1.26722,1.26759,1.50,2.82
2012.09.18 01:21:11.913,1.26726,1.26759,1.50,1.32
2012.09.18 01:21:12.403,1.26727,1.26759,1.13,1.50
2012.09.18 01:21:12.753,1.26732,1.26765,1.50,2.63
2012.09.18 01:21:12.838,1.26727,1.26763,1.50,1.50
2012.09.18 01:21:12.983,1.26727,1.26763,1.50,1.50
2012.09.18 01:21:13.756,1.26727,1.26763,1.50,1.50
2012.09.18 01:21:16.332,1.26727,1.26763,1.50,1.50
2012.09.18 01:21:18.644,1.26727,1.26763,1.50,1.50
2012.09.18 01:21:18.976,1.26724,1.2676,2.25,1.50
2012.09.18 01:21:19.475,1.26727,1.26761,1.50,2.85
2012.09.18 01:21:20.031,1.26727,1.26761,1.50,1.13
2012.09.18 01:21:35.432,1.26727,1.26761,1.50,1.13
2012.09.18 01:21:35.881,1.26727,1.26761,1.50,1.13
2012.09.18 01:21:45.571,1.2673,1.26762,2.25,1.13
2012.09.18 01:21:46.122,1.2673,1.26762,1.50,1.13
2012.09.18 01:21:46.442,1.2673,1.26763,1.50,1.13
2012.09.18 01:21:46.524,1.26735,1.26763,1.50,1.13
2012.09.18 01:21:46.876,1.26736,1.26765,1.50,1.32
2012.09.18 01:21:47.238,1.26737,1.26767,1.50,2.44
2012.09.18 01:21:47.843,1.26737,1.26767,1.50,1.32
2012.09.18 01:21:48.204,1.26732,1.26766,2.25,1.13
2012.09.18 01:21:48.286,1.26732,1.26764,2.25,1.50
2012.09.18 01:21:48.434,1.26731,1.26764,2.25,1.50
2012.09.18 01:21:48.583,1.26736,1.26766,1.50,1.17
2012.09.18 01:21:48.924,1.26736,1.26768,1.50,1.69
2012.09.18 01:21:49.384,1.26736,1.26768,1.50,1.69
2012.09.18 01:21:51.273,1.26735,1.26768,3.00,1.69
2012.09.18 01:21:51.800,1.26735,1.26766,3.00,1.69
2012.09.18 01:22:00.662,1.26736,1.26765,1.50,1.32
2012.09.18 01:22:00.744,1.26729,1.26764,2.25,1.32
2012.09.18 01:22:01.294,1.26729,1.26764,1.50,1.32
2012.09.18 01:22:03.944,1.26726,1.26764,3.00,1.32
2012.09.18 01:22:05.613,1.26731,1.26764,1.50,1.32
2012.09.18 01:22:12.686,1.26726,1.26764,3.00,1.13
2012.09.18 01:22:12.780,1.26726,1.26759,2.25,1.13
2012.09.18 01:22:13.505,1.26727,1.26762,1.50,1.35
2012.09.18 01:22:13.589,1.26727,1.26763,1.50,1.13
2012.09.18 01:22:17.145,1.2673,1.26765,3.00,1.13
2012.09.18 01:22:17.223,1.2673,1.26766,3.00,1.73
2012.09.18 01:22:19.333,1.26727,1.26763,1.50,1.50
2012.09.18 01:22:19.866,1.26724,1.26763,2.25,1.50
2012.09.18 01:22:20.436,1.26727,1.26763,1.50,1.73
2012.09.18 01:22:20.518,1.26727,1.26764,1.50,1.54
2012.09.18 01:22:20.593,1.26727,1.26764,1.50,1.32
2012.09.18 01:22:27.254,1.26727,1.26764,1.50,1.32
2012.09.18 01:22:29.294,1.26727,1.26764,1.50,1.32
2012.09.18 01:22:30.021,1.26727,1.26764,1.50,1.32
2012.09.18 01:22:32.204,1.26727,1.26764,1.50,1.32
2012.09.18 01:22:34.233,1.26727,1.26764,1.50,1.32
2012.09.18 01:22:37.192,1.2673,1.26764,1.50,1.32
2012.09.18 01:22:41.204,1.26728,1.26763,1.50,1.13
2012.09.18 01:22:41.516,1.26726,1.2676,1.50,1.73
2012.09.18 01:22:46.714,1.26727,1.26763,1.50,1.73
2012.09.18 01:22:46.795,1.26728,1.26764,1.50,1.69
2012.09.18 01:22:47.147,1.26727,1.26764,2.25,1.69
2012.09.18 01:23:03.381,1.26731,1.26763,1.50,1.13
2012.09.18 01:23:03.734,1.2673,1.26762,1.50,1.35
2012.09.18 01:23:14.019,1.26728,1.26763,1.50,3.79
2012.09.18 01:23:14.115,1.26724,1.26754,2.25,1.50
2012.09.18 01:23:14.198,1.26727,1.26761,1.50,1.54
2012.09.18 01:23:14.555,1.26732,1.26763,1.50,1.54
2012.09.18 01:23:14.635,1.26733,1.26762,2.25,1.32
2012.09.18 01:23:21.725,1.26733,1.26764,1.50,1.32
2012.09.18 01:23:21.947,1.26733,1.2677,3.38,1.32
2012.09.18 01:23:22.094,1.26736,1.26772,1.50,2.25
2012.09.18 01:23:22.172,1.26733,1.26768,2.63,1.50
2012.09.18 01:23:26.583,1.26735,1.26762,1.50,1.50
2012.09.18 01:23:28.865,1.26736,1.26762,1.50,1.50
2012.09.18 01:23:29.014,1.26737,1.26769,1.50,1.50
2012.09.18 01:23:31.245,1.26736,1.26769,1.50,2.25
2012.09.18 01:23:31.454,1.26734,1.26765,1.50,1.50
2012.09.18 01:23:32.003,1.26734,1.26764,1.50,1.50
2012.09.18 01:23:32.473,1.26732,1.26764,1.50,1.50
2012.09.18 01:23:32.561,1.26731,1.26764,1.50,1.50
2012.09.18 01:23:33.427,1.26731,1.26766,1.50,1.50
2012.09.18 01:23:37.102,1.26732,1.26766,2.25,1.50
2012.09.18 01:23:37.447,1.26734,1.26766,1.50,1.50
2012.09.18 01:23:38.722,1.26732,1.26763,1.50,1.50
2012.09.18 01:23:38.805,1.2673,1.26763,1.50,2.25
2012.09.18 01:23:39.097,1.26732,1.26769,1.50,3.38
2012.09.18 01:23:39.742,1.26732,1.26768,1.50,1.13
2012.09.18 01:23:39.902,1.26732,1.26765,1.50,1.50
2012.09.18 01:23:53.099,1.26731,1.26765,1.50,1.50
2012.09.18 01:23:57.855,1.26732,1.26765,1.50,1.50
2012.09.18 01:23:57.934,1.26732,1.26765,1.50,1.50
2012.09.18 01:24:00.464,1.26732,1.26765,1.50,1.88
2012.09.18 01:24:01.762,1.26732,1.26765,1.50,1.88
2012.09.18 01:24:02.675,1.26732,1.26765,1.50,1.50
2012.09.18 01:24:03.231,1.26732,1.26765,1.50,1.50
2012.09.18 01:24:05.344,1.26736,1.2677,1.50,1.50
2012.09.18 01:24:05.426,1.26732,1.2677,1.50,2.25
2012.09.18 01:24:05.695,1.26732,1.26766,1.50,1.50
2012.09.18 01:24:06.222,1.26732,1.26766,1.50,1.50
2012.09.18 01:24:12.568,1.26732,1.26768,1.50,1.50
2012.09.18 01:24:27.621,1.26734,1.26767,1.13,1.50
2012.09.18 01:24:27.705,1.26734,1.26765,1.13,1.50
2012.09.18 01:24:29.385,1.26734,1.26769,1.13,2.25
2012.09.18 01:24:29.510,1.26734,1.26769,1.13,3.38
2012.09.18 01:24:29.847,1.26734,1.26764,1.13,1.50
2012.09.18 01:24:30.193,1.26734,1.26768,1.13,2.07
2012.09.18 01:24:30.730,1.26734,1.26766,1.13,1.50
2012.09.18 01:24:32.843,1.26734,1.26769,1.13,3.38
2012.09.18 01:24:39.193,1.26725,1.26761,2.25,1.32
2012.09.18 01:24:39.523,1.26731,1.26763,1.50,1.69
2012.09.18 01:24:39.662,1.26731,1.26763,1.50,1.69
2012.09.18 01:24:39.802,1.26731,1.26763,1.50,1.69
2012.09.18 01:24:42.965,1.26736,1.26769,1.50,1.50
2012.09.18 01:24:43.184,1.26736,1.26769,1.50,1.50
2012.09.18 01:24:43.742,1.26736,1.26769,1.50,1.50
2012.09.18 01:24:44.428,1.26746,1.26769,1.50,1.50
2012.09.18 01:24:44.510,1.26746,1.26774,1.50,1.50
2012.09.18 01:24:45.015,1.26746,1.26774,1.50,1.50
2012.09.18 01:24:46.197,1.26746,1.26778,1.50,2.25
2012.09.18 01:24:46.274,1.26741,1.26778,1.50,2.25
2012.09.18 01:24:47.231,1.26741,1.26778,1.50,2.25
2012.09.18 01:24:47.582,1.26737,1.26772,1.50,1.50
2012.09.18 01:24:48.488,1.26747,1.26775,1.50,1.50
2012.09.18 01:24:49.043,1.26747,1.26776,1.50,1.32
2012.09.18 01:24:49.781,1.26747,1.26778,1.50,2.25
2012.09.18 01:24:51.653,1.26747,1.26778,1.50,2.25
2012.09.18 01:24:51.997,1.26747,1.26778,1.50,1.50
2012.09.18 01:24:52.502,1.26748,1.26779,1.32,1.50
2012.09.18 01:24:53.099,1.26748,1.26783,1.32,3.00
2012.09.18 01:24:54.361,1.26748,1.26783,1.32,3.00
2012.09.18 01:24:55.014,1.26753,1.26783,1.32,2.25
2012.09.18 01:24:55.376,1.26761,1.26787,1.50,2.25
2012.09.18 01:24:55.455,1.26761,1.26787,1.50,2.25
2012.09.18 01:24:55.533,1.26761,1.26787,1.50,2.25
2012.09.18 01:24:55.614,1.26761,1.26787,1.50,2.25
2012.09.18 01:24:55.752,1.26761,1.26787,1.50,1.50
2012.09.18 01:24:56.287,1.26761,1.26787,1.50,1.50
2012.09.18 01:24:57.444,1.26761,1.26787,1.50,1.50
2012.09.18 01:24:57.714,1.26759,1.26787,1.32,1.50
2012.09.18 01:24:58.223,1.2676,1.26787,1.32,2.25
2012.09.18 01:24:59.571,1.26757,1.26786,1.32,1.50
2012.09.18 01:24:59.925,1.26767,1.2679,1.50,1.50
2012.09.18 01:25:00.005,1.26763,1.2679,1.13,1.50
2012.09.18 01:25:00.213,1.26759,1.2679,1.50,2.25
2012.09.18 01:25:00.450,1.26753,1.26787,2.25,2.10
2012.09.18 01:25:00.536,1.26751,1.26781,1.50,1.50
2012.09.18 01:25:01.084,1.26751,1.26785,1.50,1.88
2012.09.18 01:25:01.236,1.26757,1.26787,1.50,1.50
2012.09.18 01:25:01.384,1.26757,1.26788,1.50,1.50
2012.09.18 01:25:01.534,1.26757,1.26788,1.50,1.50
2012.09.18 01:25:01.685,1.26757,1.26782,1.50,1.50
2012.09.18 01:25:04.474,1.26757,1.26785,1.50,1.50
2012.09.18 01:25:05.894,1.26751,1.26785,1.50,2.25
2012.09.18 01:25:06.044,1.26751,1.26785,1.50,1.50
2012.09.18 01:25:08.035,1.26757,1.26789,1.50,1.50
2012.09.18 01:25:08.122,1.26757,1.26789,1.50,1.50
2012.09.18 01:25:08.273,1.26756,1.26789,1.50,1.50
2012.09.18 01:25:11.838,1.26751,1.26786,1.50,1.50
2012.09.18 01:25:12.905,1.26751,1.26786,1.50,2.10
2012.09.18 01:25:13.273,1.26749,1.26784,1.50,1.35
2012.09.18 01:25:13.413,1.26752,1.26786,1.50,3.60
2012.09.18 01:25:13.623,1.26752,1.26784,1.50,1.88
2012.09.18 01:25:20.140,1.26759,1.2679,1.50,2.25
2012.09.18 01:25:20.226,1.26755,1.26789,1.13,1.50
2012.09.18 01:25:20.443,1.26759,1.26791,1.50,2.25
2012.09.18 01:25:20.653,1.26755,1.26789,1.13,1.50
2012.09.18 01:25:20.736,1.26755,1.26788,1.13,1.50
2012.09.18 01:25:21.061,1.26755,1.26786,1.13,1.50
2012.09.18 01:25:21.936,1.26755,1.26786,1.13,1.50
2012.09.18 01:25:22.264,1.26755,1.26786,1.13,1.50
2012.09.18 01:25:23.240,1.26755,1.26786,1.13,1.50
2012.09.18 01:25:29.482,1.26755,1.26786,1.13,1.50
2012.09.18 01:25:34.943,1.26757,1.26789,1.32,1.50
2012.09.18 01:25:35.025,1.26757,1.26789,1.32,1.50
2012.09.18 01:25:35.552,1.26759,1.26789,1.32,1.50
2012.09.18 01:25:40.187,1.26753,1.26786,1.32,1.50
2012.09.18 01:25:40.774,1.26753,1.26786,1.32,1.50
2012.09.18 01:25:42.548,1.26753,1.26786,1.32,1.50
2012.09.18 01:25:43.484,1.26757,1.26787,1.50,1.50
2012.09.18 01:25:43.563,1.26757,1.2679,1.50,1.50
2012.09.18 01:25:43.643,1.26757,1.2679,1.50,2.25
2012.09.18 01:25:43.932,1.26752,1.26789,1.32,1.50
2012.09.18 01:25:45.033,1.26752,1.2679,1.32,2.25
2012.09.18 01:25:45.162,1.26752,1.26789,1.32,1.50
2012.09.18 01:25:45.350,1.26752,1.2679,1.32,2.25
2012.09.18 01:25:47.219,1.26752,1.26789,1.32,1.50
2012.09.18 01:25:56.282,1.26753,1.2679,1.32,2.25
2012.09.18 01:25:58.826,1.26753,1.2679,1.32,3.00
2012.09.18 01:25:59.750,1.26757,1.2679,1.50,2.25
2012.09.18 01:26:00.073,1.26756,1.2679,1.13,2.25
2012.09.18 01:26:00.218,1.26752,1.26788,2.44,1.50
2012.09.18 01:26:00.436,1.26752,1.26783,1.69,1.50
2012.09.18 01:26:02.744,1.26752,1.26787,1.50,2.82
2012.09.18 01:26:02.883,1.26747,1.26786,2.25,1.50
2012.09.18 01:26:02.964,1.26747,1.26786,1.50,1.50
2012.09.18 01:26:03.312,1.26748,1.26787,1.50,3.04
2012.09.18 01:26:03.733,1.26746,1.26777,3.75,1.17
2012.09.18 01:26:03.955,1.26748,1.26778,1.50,1.69
2012.09.18 01:26:04.293,1.26748,1.26778,2.25,1.69
2012.09.18 01:26:04.434,1.26748,1.26778,2.25,1.69
2012.09.18 01:26:07.842,1.26748,1.26784,2.82,1.32
2012.09.18 01:26:08.008,1.26748,1.26785,2.82,1.50
2012.09.18 01:26:08.384,1.26748,1.26785,3.19,1.50
2012.09.18 01:26:08.463,1.26752,1.26788,1.13,2.48
2012.09.18 01:26:09.020,1.26753,1.26789,2.25,1.50
2012.09.18 01:26:11.214,1.26753,1.26789,2.82,1.50
2012.09.18 01:26:29.584,1.26753,1.26789,1.88,1.50
2012.09.18 01:26:29.730,1.26753,1.26789,3.00,1.50
2012.09.18 01:26:29.883,1.26756,1.2679,1.13,1.50
2012.09.18 01:26:29.965,1.26757,1.26793,1.13,1.50
2012.09.18 01:26:30.231,1.26757,1.26794,1.13,1.50
2012.09.18 01:26:31.264,1.26757,1.26794,1.13,1.50
2012.09.18 01:26:42.566,1.26761,1.26794,1.50,1.50
2012.09.18 01:26:42.917,1.26765,1.26797,2.07,1.50
2012.09.18 01:26:43.473,1.26764,1.26798,1.88,2.25
2012.09.18 01:26:46.623,1.26764,1.26796,1.88,1.50
2012.09.18 01:26:46.964,1.26755,1.26793,2.07,2.48
2012.09.18 01:26:47.167,1.26758,1.26791,1.50,1.50
2012.09.18 01:26:47.242,1.26758,1.26793,1.50,1.73
2012.09.18 01:26:47.433,1.26758,1.26788,1.50,1.50
2012.09.18 01:26:47.518,1.26755,1.26788,1.50,1.50
2012.09.18 01:26:47.655,1.26755,1.26791,1.50,1.73
2012.09.18 01:26:47.733,1.26751,1.2679,1.50,2.48
2012.09.18 01:26:47.813,1.26751,1.2679,1.50,2.25
2012.09.18 01:26:47.894,1.26755,1.26789,1.50,1.50
2012.09.18 01:26:48.242,1.26755,1.26788,1.50,1.35
2012.09.18 01:26:48.325,1.26755,1.26788,1.50,1.13
2012.09.18 01:26:48.403,1.26755,1.26788,1.50,1.88
2012.09.18 01:26:48.652,1.26755,1.26789,1.50,1.35
2012.09.18 01:26:48.855,1.26755,1.26789,1.50,1.13
2012.09.18 01:26:49.146,1.26762,1.26789,1.50,1.73
2012.09.18 01:26:49.226,1.26762,1.26794,1.50,1.73
2012.09.18 01:26:49.306,1.26756,1.26791,1.13,1.73
2012.09.18 01:26:49.384,1.26756,1.26791,1.13,1.50
2012.09.18 01:26:49.465,1.26755,1.26793,1.88,2.25
2012.09.18 01:26:49.825,1.26755,1.26789,1.13,2.25
2012.09.18 01:26:52.622,1.26752,1.26789,1.50,2.25
2012.09.18 01:26:52.957,1.26752,1.26784,1.50,2.48
2012.09.18 01:26:53.462,1.26752,1.26784,1.50,2.48
2012.09.18 01:26:53.595,1.26752,1.2679,1.50,2.48
2012.09.18 01:26:53.675,1.26752,1.26789,1.50,1.50
2012.09.18 01:26:53.753,1.26752,1.26789,1.50,1.50
2012.09.18 01:26:53.954,1.26752,1.26789,1.50,1.73
2012.09.18 01:26:54.033,1.26752,1.2679,1.50,2.48
2012.09.18 01:26:54.384,1.26752,1.26784,1.50,2.48
2012.09.18 01:26:54.528,1.26752,1.26784,1.50,2.48
2012.09.18 01:27:00.360,1.2675,1.26784,1.50,2.48
2012.09.18 01:27:05.165,1.2675,1.26784,1.50,1.73
2012.09.18 01:27:05.694,1.26752,1.26788,1.50,1.32
2012.09.18 01:27:05.775,1.26752,1.26788,1.50,1.32
2012.09.18 01:27:17.841,1.26752,1.26788,1.50,2.07
2012.09.18 01:27:19.342,1.26754,1.26788,1.13,1.50
2012.09.18 01:27:19.494,1.26754,1.26791,2.44,3.23
2012.09.18 01:27:20.034,1.26756,1.26793,1.32,1.50
2012.09.18 01:27:24.152,1.26757,1.26793,1.32,1.50
2012.09.18 01:27:28.882,1.26762,1.26793,1.13,1.50
2012.09.18 01:27:28.951,1.26762,1.26794,1.88,2.25
2012.09.18 01:27:29.144,1.26762,1.26796,1.88,1.50
2012.09.18 01:27:31.457,1.26764,1.26794,1.32,1.50
2012.09.18 01:27:32.195,1.26761,1.26794,1.13,2.25
2012.09.18 01:27:32.715,1.2676,1.26794,2.07,2.25
2012.09.18 01:27:32.796,1.2676,1.26791,2.07,1.50
2012.09.18 01:27:34.973,1.2676,1.26793,2.07,2.25
2012.09.18 01:27:37.297,1.26763,1.26794,1.13,1.50
2012.09.18 01:27:37.657,1.26768,1.26794,1.32,1.50
2012.09.18 01:27:38.037,1.26768,1.26798,1.32,2.25
2012.09.18 01:27:38.851,1.26773,1.26798,1.13,2.25
2012.09.18 01:27:40.397,1.26773,1.26798,1.13,2.25
2012.09.18 01:27:43.137,1.26773,1.26801,1.13,2.25
2012.09.18 01:27:43.533,1.2677,1.26801,1.32,1.50
2012.09.18 01:27:43.734,1.26768,1.26801,1.69,1.50
2012.09.18 01:27:43.814,1.26768,1.26798,1.69,1.50
2012.09.18 01:27:44.154,1.26768,1.26794,1.69,1.50
2012.09.18 01:27:46.483,1.26768,1.26799,1.69,1.50
2012.09.18 01:27:54.493,1.26767,1.26799,1.32,1.50
2012.09.18 01:27:54.923,1.26765,1.26796,1.32,2.25
2012.09.18 01:27:55.274,1.26763,1.2679,1.69,1.50
2012.09.18 01:27:55.912,1.26763,1.26794,1.69,2.25
2012.09.18 01:27:56.237,1.26758,1.26794,1.13,3.00
2012.09.18 01:27:56.315,1.26757,1.26794,1.50,3.00
2012.09.18 01:27:56.395,1.26757,1.26794,1.13,3.38
2012.09.18 01:27:56.759,1.26757,1.26787,1.13,2.25
2012.09.18 01:27:57.889,1.26757,1.26791,1.13,1.50
2012.09.18 01:27:57.982,1.26756,1.26794,1.50,1.69
2012.09.18 01:27:58.406,1.26753,1.26792,1.50,2.25
2012.09.18 01:27:58.864,1.26757,1.26794,1.50,1.69
2012.09.18 01:28:00.006,1.26752,1.26792,2.07,2.25
2012.09.18 01:28:00.396,1.2676,1.26792,1.13,2.25
2012.09.18 01:28:00.594,1.2676,1.26796,1.13,1.50
2012.09.18 01:28:03.455,1.2676,1.26796,1.69,2.25
2012.09.18 01:28:03.705,1.2676,1.26796,1.13,2.25
2012.09.18 01:28:10.596,1.2676,1.26797,2.07,1.50
2012.09.18 01:28:12.293,1.2676,1.26799,2.63,2.25
2012.09.18 01:28:13.135,1.26765,1.26801,1.50,2.25
2012.09.18 01:28:15.154,1.26762,1.26799,2.07,2.25
2012.09.18 01:28:15.543,1.26759,1.26799,1.50,2.82
2012.09.18 01:28:15.683,1.26759,1.26799,2.25,2.82
2012.09.18 01:28:24.672,1.26761,1.26794,2.82,2.25
2012.09.18 01:28:24.752,1.26753,1.26788,1.73,1.13
2012.09.18 01:28:24.834,1.26751,1.26788,3.00,1.13
2012.09.18 01:28:24.914,1.26751,1.26784,2.25,1.13
2012.09.18 01:28:25.121,1.26747,1.2678,1.50,1.50
2012.09.18 01:28:25.373,1.26742,1.26779,2.25,1.50
2012.09.18 01:28:25.711,1.2674,1.26778,2.63,2.25
2012.09.18 01:28:25.984,1.26743,1.26779,2.25,1.50
2012.09.18 01:28:26.064,1.26743,1.26782,1.50,2.25
2012.09.18 01:28:26.273,1.26743,1.26782,2.25,2.25
2012.09.18 01:28:26.883,1.26743,1.26782,1.50,3.94
2012.09.18 01:28:27.704,1.26743,1.2678,1.88,1.32
2012.09.18 01:28:27.786,1.26742,1.26774,1.13,1.50
2012.09.18 01:28:28.665,1.26742,1.26774,1.13,2.25
2012.09.18 01:28:31.214,1.26739,1.26779,1.50,2.25
2012.09.18 01:28:31.294,1.26739,1.26779,1.50,1.50
2012.09.18 01:28:31.375,1.26738,1.26779,2.25,2.07
2012.09.18 01:28:31.995,1.26743,1.26782,1.50,2.07
2012.09.18 01:28:33.226,1.26743,1.26782,1.50,2.25
2012.09.18 01:28:33.305,1.26739,1.26778,2.25,1.50
2012.09.18 01:28:40.553,1.26742,1.26781,2.25,1.50
2012.09.18 01:28:40.634,1.26745,1.26783,1.13,1.50
2012.09.18 01:28:41.796,1.26745,1.26779,1.69,1.50
2012.09.18 01:28:42.124,1.26739,1.26773,1.50,2.25
2012.09.18 01:28:42.204,1.26737,1.26773,1.50,2.25
2012.09.18 01:28:42.282,1.26737,1.26773,1.50,1.50
2012.09.18 01:28:42.423,1.26739,1.26773,1.50,1.50
2012.09.18 01:28:42.644,1.2674,1.2678,2.25,2.10
2012.09.18 01:28:42.726,1.26747,1.26779,1.50,1.35
2012.09.18 01:28:42.809,1.26742,1.26779,2.25,1.35
2012.09.18 01:28:42.954,1.26742,1.26783,2.25,2.07
2012.09.18 01:28:43.035,1.26742,1.26783,2.25,2.07
2012.09.18 01:28:43.499,1.26742,1.26783,2.25,2.07
2012.09.18 01:28:47.932,1.26742,1.26783,2.25,2.25
2012.09.18 01:28:48.489,1.26742,1.26783,2.25,1.50
2012.09.18 01:28:52.921,1.26742,1.26773,2.25,1.50
2012.09.18 01:28:53.113,1.26737,1.26772,1.50,2.25
2012.09.18 01:28:53.193,1.26739,1.26778,1.50,1.50
2012.09.18 01:28:53.277,1.26742,1.26783,2.25,2.25
2012.09.18 01:28:53.564,1.26743,1.26783,2.25,2.25
2012.09.18 01:28:53.644,1.26743,1.26783,2.25,2.25
2012.09.18 01:28:53.784,1.26743,1.26783,1.50,2.25
2012.09.18 01:28:54.683,1.26741,1.26779,2.25,1.50
2012.09.18 01:28:55.121,1.26739,1.26779,2.25,2.25
2012.09.18 01:28:57.341,1.26743,1.26783,1.50,2.25
2012.09.18 01:28:57.852,1.26739,1.26779,2.25,2.25
2012.09.18 01:28:59.663,1.26739,1.26779,2.25,2.25
2012.09.18 01:29:03.852,1.26742,1.26781,1.88,2.25
2012.09.18 01:29:04.228,1.26742,1.26781,1.32,2.25
2012.09.18 01:29:04.646,1.26736,1.26777,2.25,2.25
2012.09.18 01:29:04.854,1.26736,1.26777,2.25,2.25
2012.09.18 01:29:05.298,1.26732,1.26771,2.25,1.50
2012.09.18 01:29:05.504,1.26736,1.26777,2.25,2.25
2012.09.18 01:29:08.620,1.26736,1.26777,1.50,1.50
2012.09.18 01:29:08.895,1.26742,1.26779,1.50,2.25
2012.09.18 01:29:09.377,1.26744,1.26783,1.50,1.50
2012.09.18 01:29:09.455,1.26744,1.26785,1.50,1.50
2012.09.18 01:29:13.582,1.26744,1.26785,1.50,2.07
2012.09.18 01:29:14.054,1.26744,1.26781,1.50,1.50
2012.09.18 01:29:14.134,1.2674,1.26785,1.32,1.13
2012.09.18 01:29:14.656,1.26739,1.26785,1.88,1.13
2012.09.18 01:29:14.737,1.2674,1.26785,1.32,1.13
2012.09.18 01:29:15.256,1.26739,1.2679,2.82,2.07
2012.09.18 01:29:17.186,1.2674,1.26789,1.50,1.32
2012.09.18 01:29:17.264,1.2674,1.2679,1.50,1.50
2012.09.18 01:29:17.683,1.26744,1.26797,1.50,1.50
2012.09.18 01:29:18.854,1.26743,1.26792,1.50,1.50
2012.09.18 01:29:19.426,1.2674,1.26792,1.50,1.50
2012.09.18 01:29:19.503,1.26739,1.26792,3.98,1.50
2012.09.18 01:29:20.458,1.26745,1.26794,1.50,1.50
2012.09.18 01:29:20.536,1.26745,1.26796,1.50,1.50
2012.09.18 01:29:21.318,1.26745,1.26794,1.50,1.50
2012.09.18 01:29:21.394,1.2674,1.26793,2.25,1.50
2012.09.18 01:29:22.873,1.2674,1.26793,3.00,1.50
2012.09.18 01:29:23.073,1.26744,1.26797,1.50,1.50
2012.09.18 01:29:28.837,1.26744,1.26793,1.50,1.50
2012.09.18 01:29:28.916,1.2674,1.26791,3.00,1.50
2012.09.18 01:29:29.756,1.2674,1.26791,3.00,1.50
2012.09.18 01:29:30.574,1.26744,1.26795,2.25,1.50
2012.09.18 01:29:30.965,1.26749,1.26802,2.25,2.25
2012.09.18 01:29:31.265,1.26749,1.26802,2.25,3.00
2012.09.18 01:29:33.003,1.26749,1.26802,2.25,2.25
2012.09.18 01:29:33.202,1.26749,1.26802,2.25,2.25
2012.09.18 01:29:35.695,1.26749,1.26802,2.25,2.25
2012.09.18 01:29:36.494,1.26749,1.26802,2.25,1.50
2012.09.18 01:29:36.644,1.26749,1.26802,2.25,1.50
2012.09.18 01:29:36.724,1.26749,1.26802,2.25,1.50
2012.09.18 01:29:36.875,1.26748,1.26796,2.25,1.50
2012.09.18 01:29:36.954,1.26739,1.26792,2.25,1.50
2012.09.18 01:29:37.295,1.26736,1.26785,1.50,1.50
2012.09.18 01:29:37.372,1.26736,1.26785,1.50,1.50
2012.09.18 01:29:37.643,1.26736,1.2678,2.07,1.13
2012.09.18 01:29:37.724,1.26736,1.2678,2.07,1.13
2012.09.18 01:29:39.402,1.26737,1.26782,1.13,2.25
2012.09.18 01:29:39.533,1.26741,1.26785,1.13,1.32
2012.09.18 01:29:39.677,1.26741,1.26786,1.13,1.32
2012.09.18 01:29:40.482,1.26741,1.26788,1.32,1.32
2012.09.18 01:29:40.629,1.26741,1.26794,2.25,1.50
2012.09.18 01:29:40.704,1.26741,1.26794,2.25,1.50
2012.09.18 01:29:41.722,1.26741,1.26794,2.25,1.50
2012.09.18 01:29:41.992,1.26741,1.26794,2.25,1.50
2012.09.18 01:29:42.192,1.26745,1.26796,2.25,1.50
2012.09.18 01:29:42.621,1.26746,1.26797,1.50,1.50
2012.09.18 01:29:42.695,1.26749,1.26802,2.25,1.50
2012.09.18 01:29:42.772,1.26752,1.26805,1.50,3.00
2012.09.18 01:29:43.330,1.26752,1.26805,1.50,3.75
2012.09.18 01:29:45.692,1.26752,1.268,2.25,1.50
2012.09.18 01:29:46.450,1.26747,1.268,2.25,1.50
2012.09.18 01:29:46.582,1.26745,1.26794,2.25,1.50
2012.09.18 01:29:46.960,1.26746,1.26797,2.25,1.50
2012.09.18 01:29:47.031,1.26746,1.26799,2.25,1.50
2012.09.18 01:29:47.330,1.26746,1.26799,2.25,1.50
2012.09.18 01:29:50.133,1.26746,1.26799,1.50,1.50
2012.09.18 01:29:50.742,1.26751,1.268,1.50,1.50
2012.09.18 01:29:50.822,1.26751,1.26802,1.50,1.50
2012.09.18 01:29:51.141,1.26749,1.268,1.50,1.50
2012.09.18 01:29:51.271,1.26746,1.268,2.25,1.50
2012.09.18 01:29:51.852,1.26749,1.26804,1.50,1.50
2012.09.18 01:29:52.231,1.26744,1.26797,1.50,1.50
2012.09.18 01:29:53.671,1.26743,1.26828,1.13,1.50
2012.09.18 01:29:55.452,1.26726,1.26824,1.50,1.50
2012.09.18 01:29:55.641,1.26724,1.26824,1.50,1.50
2012.09.18 01:29:59.149,1.26726,1.26826,1.50,1.50
2012.09.18 01:30:00.431,1.26716,1.26826,1.50,1.50
2012.09.18 01:30:00.511,1.26712,1.26826,1.50,1.50
2012.09.18 01:30:01.934,1.26712,1.26826,1.50,1.50
2012.09.18 01:30:03.951,1.26706,1.26826,1.50,1.50
2012.09.18 01:30:04.635,1.26697,1.26821,1.50,2.25
2012.09.18 01:30:04.993,1.26682,1.26797,1.50,1.50
2012.09.18 01:30:05.311,1.26692,1.26788,1.50,1.50
2012.09.18 01:30:05.682,1.26673,1.26772,2.25,1.13
2012.09.18 01:30:05.822,1.26673,1.26772,2.25,1.13
2012.09.18 01:30:05.902,1.26677,1.26773,1.50,1.50
2012.09.18 01:30:05.983,1.26667,1.26773,3.00,1.50
2012.09.18 01:30:06.184,1.26669,1.26773,2.25,1.50
2012.09.18 01:30:06.266,1.26686,1.26771,1.50,1.13
2012.09.18 01:30:06.403,1.26677,1.26784,1.50,1.50
2012.09.18 01:30:06.481,1.26681,1.26789,1.50,1.50
2012.09.18 01:30:06.821,1.26699,1.26791,1.13,1.50
2012.09.18 01:30:07.082,1.26677,1.26777,1.50,1.13
2012.09.18 01:30:07.643,1.26674,1.26777,2.25,1.13
2012.09.18 01:30:07.841,1.26671,1.26776,1.50,1.13
2012.09.18 01:30:08.151,1.26641,1.26752,1.50,1.50
2012.09.18 01:30:08.444,1.26651,1.26772,1.50,1.88
2012.09.18 01:30:08.524,1.26661,1.26761,1.50,1.50
2012.09.18 01:30:08.601,1.26661,1.26761,1.50,1.50
2012.09.18 01:30:08.671,1.26666,1.26762,1.50,1.13
2012.09.18 01:30:08.802,1.26666,1.26762,1.50,1.50
2012.09.18 01:30:08.882,1.26666,1.26766,1.50,1.88
2012.09.18 01:30:08.952,1.26675,1.26766,1.50,1.13
2012.09.18 01:30:10.105,1.26675,1.26767,1.50,1.13
2012.09.18 01:30:10.445,1.26657,1.26766,2.25,1.88
2012.09.18 01:30:10.525,1.2663,1.26733,2.25,1.50
2012.09.18 01:30:10.847,1.26636,1.26732,1.50,1.13
2012.09.18 01:30:11.221,1.26634,1.26744,1.50,1.50
2012.09.18 01:30:11.532,1.26636,1.26717,1.50,1.13
2012.09.18 01:30:11.862,1.26636,1.26717,1.50,1.50
2012.09.18 01:30:11.944,1.26626,1.26712,1.50,1.13
2012.09.18 01:30:12.422,1.26663,1.26763,1.13,1.50
2012.09.18 01:30:12.507,1.26669,1.26779,1.50,1.50
2012.09.18 01:30:12.723,1.26673,1.26767,1.13,1.50
2012.09.18 01:30:13.064,1.26659,1.26759,1.50,1.50
2012.09.18 01:30:13.145,1.26674,1.26761,1.13,1.50
2012.09.18 01:30:13.225,1.26674,1.26781,1.13,1.50
2012.09.18 01:30:13.415,1.26674,1.26775,1.13,1.50
2012.09.18 01:30:13.733,1.26658,1.26742,1.50,1.13
2012.09.18 01:30:13.865,1.26663,1.26742,1.13,1.13
2012.09.18 01:30:14.084,1.26663,1.26748,1.50,1.50
2012.09.18 01:30:14.304,1.26673,1.26751,1.13,1.50
2012.09.18 01:30:14.455,1.26668,1.26752,1.50,1.13
2012.09.18 01:30:15.224,1.26673,1.26751,1.13,1.13
2012.09.18 01:30:15.525,1.26668,1.26752,1.50,1.13
2012.09.18 01:30:15.605,1.26668,1.26752,1.13,1.13
2012.09.18 01:30:15.687,1.26668,1.26751,1.13,1.13
2012.09.18 01:30:16.147,1.26668,1.26741,1.50,1.50
2012.09.18 01:30:16.651,1.26663,1.26748,1.50,1.50
2012.09.18 01:30:16.947,1.26662,1.26751,1.50,1.13
2012.09.18 01:30:17.526,1.26662,1.26742,1.50,1.13
2012.09.18 01:30:17.605,1.26657,1.26742,1.13,1.13
2012.09.18 01:30:17.683,1.26654,1.26737,1.50,1.13
2012.09.18 01:30:18.145,1.26649,1.26741,1.13,1.13
2012.09.18 01:30:18.224,1.26646,1.26741,1.13,1.50
2012.09.18 01:30:19.123,1.26663,1.2675,1.13,1.13
2012.09.18 01:30:19.442,1.26664,1.2675,1.13,1.13
2012.09.18 01:30:19.526,1.26663,1.26743,1.13,1.13
2012.09.18 01:30:19.802,1.26668,1.26761,1.13,1.13
2012.09.18 01:30:19.883,1.26668,1.26761,1.13,1.13
2012.09.18 01:30:20.459,1.26668,1.26759,1.13,1.50
2012.09.18 01:30:20.549,1.26664,1.26752,1.13,1.13
2012.09.18 01:30:20.898,1.26668,1.26743,1.13,1.13
2012.09.18 01:30:21.484,1.26689,1.26764,2.25,1.50
2012.09.18 01:30:21.571,1.26673,1.26747,1.13,1.13
2012.09.18 01:30:21.658,1.26673,1.26752,1.50,1.13
2012.09.18 01:30:21.804,1.26681,1.26769,1.50,1.50
2012.09.18 01:30:21.885,1.26656,1.26767,1.50,1.50
2012.09.18 01:30:22.141,1.26681,1.26751,1.13,1.13
2012.09.18 01:30:22.286,1.26646,1.26757,1.50,1.13
2012.09.18 01:30:22.426,1.26671,1.26757,1.50,1.13
2012.09.18 01:30:22.502,1.26671,1.26757,1.50,1.13
2012.09.18 01:30:22.641,1.26681,1.26757,1.50,1.13
2012.09.18 01:30:22.841,1.26683,1.26784,1.88,1.50
2012.09.18 01:30:22.923,1.26682,1.26773,1.13,1.50
2012.09.18 01:30:23.002,1.26683,1.26773,1.50,1.50
2012.09.18 01:30:23.154,1.26672,1.26761,1.50,1.13
2012.09.18 01:30:23.305,1.26676,1.26761,1.50,1.13
2012.09.18 01:30:23.632,1.26673,1.26758,1.13,1.50
2012.09.18 01:30:23.845,1.26671,1.26758,1.50,1.50
2012.09.18 01:30:23.925,1.26671,1.26766,1.50,1.50
2012.09.18 01:30:24.194,1.2668,1.26757,1.50,1.50
2012.09.18 01:30:24.333,1.26677,1.26758,1.50,1.50
2012.09.18 01:30:24.614,1.26675,1.26758,1.50,2.25
2012.09.18 01:30:25.372,1.2668,1.26758,1.13,2.25
2012.09.18 01:30:25.459,1.26663,1.26758,2.25,1.50
2012.09.18 01:30:25.746,1.26668,1.26754,1.50,1.50
2012.09.18 01:30:26.083,1.26703,1.26765,1.13,1.50
2012.09.18 01:30:26.356,1.26685,1.26779,1.50,1.50
2012.09.18 01:30:26.436,1.26685,1.26779,1.50,1.50
2012.09.18 01:30:26.774,1.26689,1.26778,1.13,1.50
2012.09.18 01:30:27.094,1.26688,1.26783,1.13,1.50
2012.09.18 01:30:27.433,1.26684,1.26757,1.50,1.13
2012.09.18 01:30:27.516,1.26679,1.26758,1.50,1.50
2012.09.18 01:30:27.595,1.26688,1.26759,1.13,1.50
2012.09.18 01:30:27.734,1.26689,1.26767,1.13,1.50
2012.09.18 01:30:27.997,1.26688,1.26767,1.88,1.50
2012.09.18 01:30:28.254,1.26684,1.26766,2.25,1.50
2012.09.18 01:30:28.392,1.26677,1.26764,1.13,1.50
2012.09.18 01:30:28.783,1.26681,1.26766,1.13,1.50
2012.09.18 01:30:29.247,1.26688,1.26775,1.13,1.50
2012.09.18 01:30:29.594,1.26693,1.26778,1.50,1.50
2012.09.18 01:30:29.934,1.26704,1.26777,1.50,1.50
2012.09.18 01:30:30.087,1.26698,1.2678,1.50,1.50
2012.09.18 01:30:30.378,1.26698,1.26779,1.50,1.50
2012.09.18 01:30:30.524,1.26697,1.26775,1.50,1.50
2012.09.18 01:30:30.884,1.26683,1.26766,1.50,1.50
2012.09.18 01:30:30.966,1.26683,1.26767,1.50,1.50
2012.09.18 01:30:31.185,1.26684,1.26763,1.50,1.50
2012.09.18 01:30:31.395,1.2668,1.26762,1.50,1.50
2012.09.18 01:30:31.593,1.26671,1.26758,1.13,1.50
2012.09.18 01:30:32.134,1.26671,1.26758,1.13,1.50
2012.09.18 01:30:32.492,1.26671,1.26756,1.50,1.13
2012.09.18 01:30:32.824,1.26671,1.26753,1.13,1.13
2012.09.18 01:30:33.179,1.26667,1.26742,1.13,1.50
2012.09.18 01:30:33.777,1.26667,1.26744,1.13,1.50
2012.09.18 01:30:34.433,1.26667,1.26744,1.13,1.13
2012.09.18 01:30:34.893,1.26652,1.2673,1.13,1.13
2012.09.18 01:30:36.235,1.26656,1.26733,1.13,1.50
2012.09.18 01:30:36.315,1.26656,1.26733,1.13,1.88
2012.09.18 01:30:36.523,1.26667,1.26741,1.13,1.50
2012.09.18 01:30:37.054,1.26653,1.26739,1.50,1.50
2012.09.18 01:30:38.786,1.26644,1.26747,1.50,1.50
2012.09.18 01:30:39.671,1.26644,1.26747,1.50,1.50
2012.09.18 01:30:39.744,1.26652,1.26743,1.50,1.50
2012.09.18 01:30:40.033,1.26644,1.26747,1.50,1.50
2012.09.18 01:30:40.174,1.26675,1.26747,1.13,1.50
2012.09.18 01:30:40.525,1.26675,1.26747,1.13,1.50
2012.09.18 01:30:40.872,1.26661,1.26736,1.50,1.50
2012.09.18 01:30:41.012,1.26661,1.26733,1.50,1.50
2012.09.18 01:30:41.665,1.26661,1.26733,1.50,1.50
2012.09.18 01:30:41.804,1.2667,1.26737,1.50,1.88
2012.09.18 01:30:42.014,1.26667,1.26741,1.88,1.50
2012.09.18 01:30:42.095,1.26669,1.26743,1.13,1.88
2012.09.18 01:30:42.176,1.26667,1.2674,1.50,1.13
2012.09.18 01:30:42.314,1.26658,1.2674,1.50,1.13
2012.09.18 01:30:42.524,1.26666,1.2674,1.50,1.13
2012.09.18 01:30:42.672,1.26666,1.26737,1.50,1.13
2012.09.18 01:30:42.884,1.26674,1.26739,1.50,1.50
2012.09.18 01:30:42.963,1.26674,1.26739,1.50,1.50
2012.09.18 01:30:43.295,1.26674,1.26739,1.50,1.13
2012.09.18 01:30:43.503,1.26677,1.26757,1.50,2.25
2012.09.18 01:30:43.833,1.26677,1.26757,1.50,2.25
2012.09.18 01:30:44.174,1.26677,1.26756,1.50,1.50
2012.09.18 01:30:44.252,1.26677,1.26756,1.50,1.50
2012.09.18 01:30:44.333,1.26677,1.26756,1.50,1.50
2012.09.18 01:30:44.794,1.26677,1.26756,1.50,1.50
2012.09.18 01:30:44.934,1.26677,1.26752,1.50,1.50
2012.09.18 01:30:45.134,1.26677,1.26747,1.50,1.50
2012.09.18 01:30:45.461,1.26677,1.26746,1.50,1.13
2012.09.18 01:30:45.775,1.26677,1.26746,1.50,1.13
2012.09.18 01:30:46.033,1.26677,1.26739,1.50,1.50
2012.09.18 01:30:46.117,1.26677,1.26739,1.50,1.50
2012.09.18 01:30:46.433,1.26677,1.26746,1.50,1.13
2012.09.18 01:30:46.515,1.26677,1.26746,1.50,1.13
2012.09.18 01:30:46.913,1.26707,1.26753,1.13,1.50
2012.09.18 01:30:47.257,1.26686,1.26738,1.50,1.50
2012.09.18 01:30:47.334,1.26679,1.26738,1.13,1.50
2012.09.18 01:30:47.475,1.26677,1.26735,1.13,1.50
2012.09.18 01:30:47.555,1.2667,1.2673,1.50,1.50
2012.09.18 01:30:47.885,1.26672,1.26724,1.50,1.50
2012.09.18 01:30:47.966,1.26659,1.26729,1.13,1.50
2012.09.18 01:30:48.043,1.26657,1.2673,1.50,1.50
2012.09.18 01:30:48.733,1.26657,1.2673,1.50,1.50
2012.09.18 01:30:49.088,1.26654,1.2673,1.13,2.25
2012.09.18 01:30:49.410,1.26652,1.26718,1.50,1.50
2012.09.18 01:30:49.496,1.26652,1.2673,1.50,1.13
2012.09.18 01:30:49.574,1.26653,1.26733,1.13,1.50
2012.09.18 01:30:49.652,1.26653,1.2673,1.13,1.50
2012.09.18 01:30:49.735,1.26653,1.26729,1.13,1.50
2012.09.18 01:30:49.885,1.26653,1.26729,1.13,1.50
2012.09.18 01:30:49.965,1.26652,1.26725,1.50,1.13
2012.09.18 01:30:50.168,1.26652,1.26718,1.50,1.50
2012.09.18 01:30:50.494,1.26652,1.26718,1.50,1.50
2012.09.18 01:30:50.919,1.26652,1.26728,1.50,1.50
2012.09.18 01:30:50.994,1.26652,1.26728,1.50,1.50
2012.09.18 01:30:51.215,1.26654,1.26722,1.88,1.50
2012.09.18 01:30:51.293,1.26654,1.26715,2.25,1.50
2012.09.18 01:30:51.374,1.26654,1.26725,2.25,1.50
2012.09.18 01:30:51.456,1.26654,1.26725,2.25,1.50
2012.09.18 01:30:51.652,1.26654,1.26725,1.88,1.50
2012.09.18 01:30:51.732,1.26654,1.26722,1.13,1.50
2012.09.18 01:30:52.184,1.26654,1.26728,1.88,1.50
2012.09.18 01:30:52.264,1.26654,1.26724,1.88,1.50
2012.09.18 01:30:52.414,1.26654,1.26724,1.13,1.50
2012.09.18 01:30:52.984,1.26653,1.26722,1.13,1.50
2012.09.18 01:30:53.316,1.26654,1.26717,1.13,1.50
2012.09.18 01:30:53.665,1.2665,1.26714,1.50,1.50
2012.09.18 01:30:54.025,1.26639,1.26703,1.50,1.50
2012.09.18 01:30:54.163,1.26639,1.26707,1.50,1.50
2012.09.18 01:30:54.859,1.26639,1.26707,1.50,1.50
2012.09.18 01:30:54.949,1.26646,1.26707,1.13,1.50
2012.09.18 01:30:55.174,1.26646,1.26712,1.13,1.50
2012.09.18 01:30:55.754,1.26646,1.26712,1.13,1.50
2012.09.18 01:30:55.834,1.26646,1.26718,1.13,1.50
2012.09.18 01:30:55.914,1.26646,1.2672,1.13,1.13
2012.09.18 01:30:55.996,1.26646,1.26719,1.13,1.50
2012.09.18 01:30:56.215,1.26646,1.2672,1.13,1.13
2012.09.18 01:30:56.365,1.26646,1.2672,1.13,1.88
2012.09.18 01:30:56.515,1.26646,1.2672,1.13,1.88
2012.09.18 01:30:57.042,1.26646,1.2672,1.13,1.13
2012.09.18 01:30:57.408,1.26666,1.26709,1.32,1.13
2012.09.18 01:30:58.189,1.26673,1.26715,1.13,1.50
2012.09.18 01:30:58.557,1.26673,1.26709,1.69,1.50
2012.09.18 01:30:58.915,1.26653,1.26699,1.13,1.13
2012.09.18 01:31:00.345,1.26673,1.26699,1.32,1.13
2012.09.18 01:31:00.562,1.26673,1.26718,1.32,1.50
2012.09.18 01:31:00.705,1.26658,1.26713,1.50,1.88
2012.09.18 01:31:00.916,1.26667,1.26713,1.32,1.13
2012.09.18 01:31:01.350,1.26667,1.26713,1.32,1.13
2012.09.18 01:31:01.915,1.26667,1.26713,1.32,1.13
2012.09.18 01:31:02.657,1.26679,1.26721,1.32,1.50
2012.09.18 01:31:03.106,1.26679,1.26721,1.32,1.50
2012.09.18 01:31:03.315,1.26679,1.26721,1.32,1.50
2012.09.18 01:31:03.533,1.26679,1.26723,1.32,1.32
2012.09.18 01:31:03.706,1.26679,1.26723,1.32,1.32
2012.09.18 01:31:03.861,1.26682,1.26726,1.32,1.50
2012.09.18 01:31:04.006,1.26683,1.26727,1.32,1.32
2012.09.18 01:31:04.095,1.26683,1.26728,1.32,1.32
2012.09.18 01:31:04.457,1.26683,1.26729,1.32,1.13
2012.09.18 01:31:05.209,1.2669,1.26734,1.32,1.50
2012.09.18 01:31:05.358,1.2669,1.26744,1.32,2.82
2012.09.18 01:31:05.578,1.2669,1.26738,1.32,1.32
2012.09.18 01:31:05.797,1.2669,1.26738,1.32,1.32
2012.09.18 01:31:05.880,1.2669,1.26738,1.32,1.32
2012.09.18 01:31:06.029,1.2669,1.26738,1.32,1.32
2012.09.18 01:31:06.109,1.2669,1.26742,1.32,1.32
2012.09.18 01:31:06.259,1.2669,1.2674,1.32,1.32
2012.09.18 01:31:06.339,1.26685,1.26744,1.88,1.32
2012.09.18 01:31:06.493,1.26687,1.26744,1.13,1.32
2012.09.18 01:31:06.859,1.26701,1.26744,1.32,1.32
2012.09.18 01:31:07.219,1.26701,1.26744,1.32,1.32
2012.09.18 01:31:07.297,1.26701,1.26748,1.32,1.32
2012.09.18 01:31:07.377,1.26701,1.26749,1.32,1.32
2012.09.18 01:31:07.455,1.26701,1.26749,1.32,1.32
2012.09.18 01:31:07.822,1.26699,1.2675,1.32,1.32
2012.09.18 01:31:08.049,1.26699,1.2675,1.32,1.32
2012.09.18 01:31:08.276,1.26699,1.26749,1.32,1.32
2012.09.18 01:31:08.727,1.26695,1.26749,1.32,1.32
2012.09.18 01:31:08.876,1.26695,1.26748,1.32,1.32
2012.09.18 01:31:09.085,1.26697,1.26749,1.13,1.32
2012.09.18 01:31:09.520,1.26695,1.26744,1.32,1.50
2012.09.18 01:31:09.886,1.26691,1.26741,1.32,1.50
2012.09.18 01:31:09.966,1.26695,1.26741,1.32,1.50
2012.09.18 01:31:10.255,1.26697,1.26745,1.32,1.32
2012.09.18 01:31:10.408,1.26712,1.26747,1.13,1.13
2012.09.18 01:31:10.487,1.26712,1.26749,1.13,1.50
2012.09.18 01:31:10.564,1.26712,1.26751,1.13,1.50
2012.09.18 01:31:10.995,1.26709,1.26752,1.13,1.50
2012.09.18 01:31:11.076,1.26701,1.26751,1.13,1.50
2012.09.18 01:31:11.155,1.26701,1.26751,1.13,1.50
2012.09.18 01:31:11.449,1.26696,1.26747,1.13,1.13
2012.09.18 01:31:11.526,1.2669,1.26745,1.13,1.32
2012.09.18 01:31:11.606,1.26689,1.26745,1.32,1.50
2012.09.18 01:31:11.896,1.26689,1.26745,1.32,1.50
2012.09.18 01:31:12.261,1.2669,1.26745,1.32,1.50
2012.09.18 01:31:12.347,1.26689,1.26745,1.69,1.50
2012.09.18 01:31:12.424,1.26689,1.26745,1.69,1.50
2012.09.18 01:31:12.776,1.2669,1.26742,1.13,1.50
2012.09.18 01:31:13.263,1.26691,1.26742,1.32,1.50
2012.09.18 01:31:13.697,1.26689,1.26734,1.13,1.50
2012.09.18 01:31:13.848,1.26676,1.26721,1.32,1.50
2012.09.18 01:31:13.936,1.26668,1.26729,1.32,1.13
2012.09.18 01:31:14.017,1.26672,1.26721,1.32,1.50
2012.09.18 01:31:14.246,1.26672,1.26729,1.32,1.50
2012.09.18 01:31:14.457,1.26676,1.26731,1.32,1.50
2012.09.18 01:31:14.735,1.26679,1.2673,1.13,1.50
2012.09.18 01:31:15.067,1.26676,1.2673,1.32,1.50
2012.09.18 01:31:15.216,1.26676,1.2673,1.32,1.50
2012.09.18 01:31:15.366,1.26681,1.2673,1.13,1.50
2012.09.18 01:31:15.449,1.26686,1.26733,1.13,1.50
2012.09.18 01:31:15.637,1.26684,1.2673,1.13,1.50
2012.09.18 01:31:15.715,1.26676,1.2673,1.32,1.50
2012.09.18 01:31:16.063,1.26677,1.26739,1.88,1.50
2012.09.18 01:31:16.406,1.26692,1.26739,1.13,1.50
2012.09.18 01:31:16.484,1.26692,1.26739,1.13,1.50
2012.09.18 01:31:16.635,1.26692,1.26739,1.13,1.50
2012.09.18 01:31:17.043,1.26692,1.26739,1.13,1.50
2012.09.18 01:31:17.636,1.26688,1.26739,1.32,2.29
2012.09.18 01:31:17.966,1.26677,1.26733,1.73,1.50
2012.09.18 01:31:18.050,1.26677,1.26739,1.50,3.04
2012.09.18 01:31:18.289,1.26677,1.26739,1.50,2.29
2012.09.18 01:31:18.755,1.26677,1.26738,1.73,1.50
2012.09.18 01:31:19.233,1.26677,1.26731,1.88,1.13
2012.09.18 01:31:19.526,1.26682,1.2673,1.50,1.32
2012.09.18 01:31:20.265,1.26685,1.26731,1.50,1.13
2012.09.18 01:31:20.785,1.26683,1.2673,1.50,1.32
2012.09.18 01:31:21.626,1.26678,1.26728,1.50,1.13
2012.09.18 01:31:21.710,1.26678,1.26716,1.50,1.50
2012.09.18 01:31:21.784,1.26674,1.26708,1.50,1.50
2012.09.18 01:31:21.866,1.26653,1.26708,1.73,1.50
2012.09.18 01:31:21.945,1.26656,1.26712,1.13,1.73
2012.09.18 01:31:22.095,1.26662,1.26723,1.50,1.73
2012.09.18 01:31:22.175,1.26662,1.2672,1.73,1.50
2012.09.18 01:31:22.253,1.26662,1.2672,1.73,1.50
2012.09.18 01:31:22.614,1.26666,1.26725,1.32,1.32
2012.09.18 01:31:23.837,1.26665,1.26725,2.10,1.32
2012.09.18 01:31:24.186,1.26644,1.2671,1.50,1.73
2012.09.18 01:31:24.325,1.26656,1.26718,1.50,1.73
2012.09.18 01:31:24.403,1.26659,1.26718,1.50,1.50
2012.09.18 01:31:24.769,1.26663,1.26717,1.50,1.13
2012.09.18 01:31:25.335,1.26661,1.26719,1.50,1.50
2012.09.18 01:31:25.421,1.26664,1.26719,1.50,1.50
2012.09.18 01:31:25.789,1.26666,1.26719,1.50,1.50
2012.09.18 01:31:27.148,1.26666,1.26719,1.50,2.10
2012.09.18 01:31:27.307,1.26662,1.26714,1.50,1.50
2012.09.18 01:31:27.385,1.26663,1.26719,1.50,2.10
2012.09.18 01:31:27.470,1.26663,1.26719,1.50,2.10
2012.09.18 01:31:27.559,1.26663,1.26713,1.50,2.25
2012.09.18 01:31:27.635,1.26648,1.26711,1.32,1.50
2012.09.18 01:31:27.718,1.26653,1.26711,1.13,1.50
2012.09.18 01:31:27.996,1.26662,1.26712,1.13,1.50
2012.09.18 01:31:28.557,1.26665,1.26713,1.32,1.50
2012.09.18 01:31:29.214,1.26665,1.26711,1.32,1.50
2012.09.18 01:31:30.236,1.26673,1.26713,1.32,1.50
2012.09.18 01:31:30.808,1.26673,1.26713,1.32,1.50
2012.09.18 01:31:30.888,1.26671,1.26711,1.50,1.50
2012.09.18 01:31:31.457,1.26671,1.26713,1.13,1.50
2012.09.18 01:31:32.057,1.26671,1.26713,1.13,1.50
2012.09.18 01:31:32.207,1.26671,1.26712,1.13,1.50
2012.09.18 01:31:32.778,1.26671,1.26713,1.13,1.50
2012.09.18 01:31:33.139,1.26671,1.26713,1.13,1.50
2012.09.18 01:31:33.215,1.26672,1.26713,1.73,1.50
2012.09.18 01:31:33.508,1.26671,1.26713,1.35,1.50
2012.09.18 01:31:35.265,1.26676,1.2672,1.73,1.50
2012.09.18 01:31:35.348,1.26676,1.26724,1.73,1.50
2012.09.18 01:31:35.700,1.26672,1.26719,1.54,1.50
2012.09.18 01:31:36.057,1.26679,1.26717,1.13,1.50
2012.09.18 01:31:36.347,1.26679,1.26717,1.13,2.25
2012.09.18 01:31:36.565,1.26672,1.26717,1.69,2.25
2012.09.18 01:31:36.715,1.26672,1.26717,1.69,1.50
2012.09.18 01:31:39.553,1.26672,1.26717,1.13,1.50
2012.09.18 01:31:39.776,1.2667,1.26713,1.13,1.50
2012.09.18 01:31:39.861,1.26662,1.26713,1.54,1.50
2012.09.18 01:31:40.018,1.26662,1.26713,1.32,2.25
2012.09.18 01:31:41.117,1.2666,1.26708,1.32,1.13
2012.09.18 01:31:41.684,1.26656,1.26708,1.73,1.13
2012.09.18 01:31:41.765,1.26655,1.26708,1.73,1.13
2012.09.18 01:31:41.846,1.26667,1.26708,1.13,1.13
2012.09.18 01:31:42.427,1.26662,1.26708,1.35,1.13
2012.09.18 01:31:42.518,1.26662,1.26708,1.35,1.13
2012.09.18 01:31:42.938,1.2667,1.26717,1.32,2.07
2012.09.18 01:31:43.026,1.2667,1.26717,1.32,1.50
2012.09.18 01:31:43.383,1.2667,1.26717,1.32,1.50
2012.09.18 01:31:43.737,1.26675,1.26717,1.13,1.50
2012.09.18 01:31:44.296,1.26677,1.26717,1.32,1.50
2012.09.18 01:31:44.646,1.26677,1.26717,1.54,1.50
2012.09.18 01:31:44.945,1.26677,1.26717,1.32,1.50
2012.09.18 01:31:45.775,1.26677,1.26717,1.32,2.25
2012.09.18 01:31:45.925,1.26678,1.26717,2.25,2.25
2012.09.18 01:31:46.468,1.26682,1.26717,1.88,1.50
2012.09.18 01:31:46.545,1.26682,1.26723,1.88,1.50
2012.09.18 01:31:46.695,1.26682,1.26723,1.13,1.50
2012.09.18 01:31:46.777,1.2668,1.26716,1.54,1.50
2012.09.18 01:31:46.997,1.26679,1.26716,1.13,1.50
2012.09.18 01:31:49.085,1.26679,1.26716,1.13,2.25
2012.09.18 01:31:49.431,1.26667,1.26716,1.35,2.25
2012.09.18 01:31:49.664,1.26677,1.26716,1.13,2.25
2012.09.18 01:31:49.817,1.26685,1.26716,1.13,1.50
2012.09.18 01:31:50.249,1.26671,1.26716,1.13,2.25
2012.09.18 01:31:50.328,1.26671,1.26716,1.13,2.25
2012.09.18 01:31:50.478,1.26672,1.26716,1.13,2.48
2012.09.18 01:31:50.554,1.26663,1.26713,1.50,1.50
2012.09.18 01:31:50.635,1.26663,1.26709,1.50,1.50
2012.09.18 01:31:50.906,1.26659,1.26707,1.32,1.50
2012.09.18 01:31:52.414,1.26666,1.26708,1.13,2.25
2012.09.18 01:31:52.765,1.26666,1.26708,1.13,2.25
2012.09.18 01:31:54.215,1.26662,1.26708,1.50,2.25
2012.09.18 01:31:55.304,1.26662,1.26708,1.50,2.25
2012.09.18 01:31:55.384,1.26662,1.26708,1.50,2.25
2012.09.18 01:31:55.606,1.26662,1.26708,1.50,2.48
2012.09.18 01:31:56.018,1.26662,1.26708,1.73,1.50
2012.09.18 01:31:56.817,1.26662,1.26709,1.50,1.50
2012.09.18 01:31:58.765,1.26662,1.26709,1.50,1.73
2012.09.18 01:31:59.143,1.26662,1.26708,1.50,1.35
2012.09.18 01:31:59.227,1.26653,1.26698,1.50,1.50
2012.09.18 01:31:59.453,1.26662,1.26704,1.50,1.35
2012.09.18 01:31:59.605,1.26693,1.26725,1.13,1.50
2012.09.18 01:31:59.686,1.26684,1.26708,1.88,1.13
2012.09.18 01:31:59.764,1.26683,1.26707,1.13,1.50
2012.09.18 01:31:59.848,1.26683,1.26703,1.13,1.50
2012.09.18 01:31:59.928,1.26683,1.26709,1.13,2.25
2012.09.18 01:32:00.544,1.26661,1.26712,2.25,1.50
2012.09.18 01:32:00.693,1.26661,1.26707,1.50,1.50
2012.09.18 01:32:00.775,1.26661,1.26707,1.50,1.50
2012.09.18 01:32:00.916,1.26661,1.26707,1.50,1.50
2012.09.18 01:32:01.193,1.26661,1.26707,1.50,1.50
2012.09.18 01:32:02.464,1.26652,1.26703,2.25,1.50
2012.09.18 01:32:02.603,1.26652,1.26703,2.25,1.50
2012.09.18 01:32:04.714,1.26652,1.26703,2.25,1.50
2012.09.18 01:32:04.795,1.26652,1.26703,2.25,1.50
2012.09.18 01:32:04.945,1.26652,1.26701,2.25,1.50
2012.09.18 01:32:05.263,1.26657,1.26708,1.50,1.50
2012.09.18 01:32:05.685,1.26652,1.26699,1.73,1.50
2012.09.18 01:32:05.837,1.26652,1.26701,1.50,1.50
2012.09.18 01:32:05.974,1.26658,1.26703,1.50,1.50
2012.09.18 01:32:06.062,1.26651,1.26703,2.25,1.50
2012.09.18 01:32:06.406,1.26653,1.26694,1.13,1.50
2012.09.18 01:32:10.303,1.26656,1.26694,1.13,1.50
2012.09.18 01:32:13.700,1.26659,1.26701,1.13,1.73
2012.09.18 01:32:13.792,1.26657,1.26697,1.32,1.73
2012.09.18 01:32:13.879,1.26657,1.26697,1.32,1.73
2012.09.18 01:32:15.005,1.26653,1.26699,1.50,2.48
2012.09.18 01:32:15.782,1.26656,1.26697,1.13,1.50
2012.09.18 01:32:19.467,1.26653,1.26691,1.32,1.13
2012.09.18 01:32:19.626,1.26649,1.26689,1.50,1.32
2012.09.18 01:32:20.185,1.26649,1.26691,1.50,1.69
2012.09.18 01:32:21.436,1.26651,1.26684,1.50,1.13
2012.09.18 01:32:22.461,1.26641,1.26682,1.50,1.32
2012.09.18 01:32:22.848,1.26641,1.26678,1.50,1.13
2012.09.18 01:32:24.599,1.26642,1.2668,1.50,1.32
2012.09.18 01:32:24.675,1.26642,1.26683,1.50,1.32
2012.09.18 01:32:24.816,1.26646,1.26685,1.50,2.44
2012.09.18 01:32:29.249,1.26645,1.26685,1.50,1.32
2012.09.18 01:32:29.406,1.26645,1.26684,1.50,1.13
2012.09.18 01:32:29.980,1.26646,1.26685,1.50,1.88
2012.09.18 01:32:30.340,1.26645,1.26693,1.50,2.29
2012.09.18 01:32:30.558,1.26646,1.26685,1.50,2.07
2012.09.18 01:32:30.642,1.26651,1.26688,1.50,1.32
2012.09.18 01:32:30.799,1.26651,1.26695,2.25,1.54
2012.09.18 01:32:31.227,1.26651,1.26693,1.50,1.32
2012.09.18 01:32:34.137,1.26651,1.26688,1.50,1.69
2012.09.18 01:32:34.734,1.26647,1.26686,1.50,2.07
2012.09.18 01:32:35.938,1.26651,1.26688,1.50,1.32
2012.09.18 01:32:36.021,1.26651,1.26691,1.50,1.32
2012.09.18 01:32:36.099,1.26651,1.26692,1.50,1.32
2012.09.18 01:32:36.735,1.26652,1.26694,1.50,1.69
