2012.02.16 19:00:00.837,1.29234,1.29267,1.13,2.25
2012.02.16 19:00:01.535,1.29233,1.29276,2.25,2.25
2012.02.16 19:00:02.693,1.2923,1.29271,2.26,1.50
2012.02.16 19:00:03.310,1.29231,1.29274,2.25,2.25
2012.02.16 19:00:05.447,1.29234,1.29272,1.50,2.25
2012.02.16 19:00:05.788,1.29233,1.29272,1.13,2.25
2012.02.16 19:00:05.860,1.29233,1.2927,1.13,1.50
2012.02.16 19:00:06.228,1.29232,1.29269,1.50,1.50
2012.02.16 19:00:06.480,1.2923,1.2927,1.50,1.50
2012.02.16 19:00:06.549,1.2923,1.29272,1.50,1.50
2012.02.16 19:00:06.739,1.2923,1.2927,1.50,1.50
2012.02.16 19:00:07.335,1.29229,1.29272,1.50,1.50
2012.02.16 19:00:07.548,1.29228,1.2927,1.50,1.50
2012.02.16 19:00:07.680,1.29231,1.2927,1.50,1.50
2012.02.16 19:00:07.867,1.29228,1.2927,2.25,3.75
2012.02.16 19:00:08.191,1.29227,1.29269,1.50,2.25
2012.02.16 19:00:10.265,1.29227,1.29267,1.50,1.50
2012.02.16 19:00:10.825,1.29228,1.29271,2.25,2.25
2012.02.16 19:00:10.958,1.29228,1.29271,2.25,2.25
2012.02.16 19:00:12.119,1.29227,1.29269,1.50,2.25
2012.02.16 19:00:12.442,1.29225,1.29271,2.25,2.25
2012.02.16 19:00:13.706,1.29225,1.29271,2.25,2.25
2012.02.16 19:00:14.446,1.29226,1.2927,1.50,2.25
2012.02.16 19:00:15.445,1.29225,1.2927,2.25,2.25
2012.02.16 19:00:15.698,1.29225,1.2927,2.25,2.25
2012.02.16 19:00:17.997,1.29227,1.2927,1.50,2.25
2012.02.16 19:00:18.069,1.29227,1.2927,1.50,2.25
2012.02.16 19:00:18.449,1.29227,1.2927,1.50,2.25
2012.02.16 19:00:20.635,1.29227,1.2927,2.25,3.75
2012.02.16 19:00:20.712,1.29226,1.29267,2.25,2.25
2012.02.16 19:00:20.841,1.29225,1.29264,1.50,1.50
2012.02.16 19:00:21.185,1.29228,1.29268,1.50,1.50
2012.02.16 19:00:21.681,1.29228,1.29273,1.50,2.25
2012.02.16 19:00:21.762,1.29226,1.29269,2.25,2.25
2012.02.16 19:00:21.898,1.29225,1.29267,1.50,1.50
2012.02.16 19:00:22.608,1.29224,1.29268,3.00,2.25
2012.02.16 19:00:22.978,1.29229,1.29266,1.50,1.50
2012.02.16 19:00:24.457,1.29229,1.29266,1.50,1.50
2012.02.16 19:00:25.018,1.29227,1.29266,1.50,2.25
2012.02.16 19:00:25.206,1.29227,1.29266,1.50,2.25
2012.02.16 19:00:25.885,1.29229,1.29268,1.50,1.50
2012.02.16 19:00:26.413,1.29229,1.29269,1.50,1.50
2012.02.16 19:00:26.590,1.29229,1.29266,1.50,1.50
2012.02.16 19:00:27.461,1.29229,1.29265,1.50,1.50
2012.02.16 19:00:29.197,1.29229,1.29266,1.50,1.50
2012.02.16 19:00:29.871,1.29229,1.29266,1.50,1.50
2012.02.16 19:00:30.150,1.29229,1.29266,1.50,1.50
2012.02.16 19:00:30.676,1.29229,1.29266,1.50,1.50
2012.02.16 19:00:30.781,1.29233,1.29271,1.50,1.50
2012.02.16 19:00:31.226,1.29234,1.29273,1.50,2.25
2012.02.16 19:00:31.633,1.29234,1.2927,1.50,1.50
2012.02.16 19:00:32.134,1.29234,1.2927,1.50,1.50
2012.02.16 19:00:32.215,1.29234,1.29272,1.50,3.00
2012.02.16 19:00:32.294,1.29234,1.29269,1.50,1.50
2012.02.16 19:00:32.857,1.29234,1.29271,1.50,1.50
2012.02.16 19:00:33.496,1.29234,1.29272,1.50,1.50
2012.02.16 19:00:34.337,1.29234,1.29273,1.50,3.75
2012.02.16 19:00:34.887,1.29232,1.29272,1.50,1.50
2012.02.16 19:00:35.018,1.29232,1.2927,1.50,1.50
2012.02.16 19:00:37.914,1.29236,1.2927,1.50,1.50
2012.02.16 19:00:38.749,1.29232,1.29269,1.50,1.50
2012.02.16 19:00:40.230,1.29232,1.29268,1.50,1.50
2012.02.16 19:00:41.357,1.29227,1.29266,2.25,1.50
2012.02.16 19:00:41.875,1.29227,1.29267,2.25,1.50
2012.02.16 19:00:45.067,1.29232,1.29268,1.50,1.50
2012.02.16 19:00:45.405,1.29227,1.29266,2.25,1.50
2012.02.16 19:00:45.945,1.29226,1.29267,3.00,1.50
2012.02.16 19:00:47.128,1.29226,1.29269,4.50,3.00
2012.02.16 19:00:47.725,1.29227,1.2927,2.25,1.50
2012.02.16 19:00:52.896,1.29231,1.29272,1.50,1.50
2012.02.16 19:00:52.969,1.29231,1.29272,1.50,3.75
2012.02.16 19:00:53.044,1.29227,1.2927,1.50,1.50
2012.02.16 19:00:53.553,1.29227,1.29269,3.75,1.50
2012.02.16 19:00:53.629,1.2923,1.29273,1.50,2.25
2012.02.16 19:00:53.696,1.2923,1.29273,1.50,2.25
2012.02.16 19:00:53.887,1.2923,1.29273,1.50,2.25
2012.02.16 19:00:54.421,1.29227,1.29271,3.75,1.50
2012.02.16 19:00:55.528,1.29228,1.29273,2.25,2.25
2012.02.16 19:00:58.025,1.29232,1.29271,1.50,1.50
2012.02.16 19:01:00.155,1.29228,1.29271,1.50,1.50
2012.02.16 19:01:00.740,1.29228,1.29273,3.00,2.25
2012.02.16 19:01:02.224,1.29228,1.29271,1.50,1.50
2012.02.16 19:01:02.756,1.29233,1.29272,1.50,2.25
2012.02.16 19:01:03.398,1.29233,1.2927,1.50,1.50
2012.02.16 19:01:04.118,1.29233,1.29272,1.50,2.25
2012.02.16 19:01:07.681,1.29233,1.2927,1.50,1.50
2012.02.16 19:01:08.468,1.29233,1.29271,1.50,1.50
2012.02.16 19:01:08.791,1.29233,1.29269,1.50,1.50
2012.02.16 19:01:08.858,1.29233,1.29273,1.50,3.75
2012.02.16 19:01:09.067,1.29233,1.2927,1.50,1.50
2012.02.16 19:01:09.198,1.29231,1.2927,1.50,1.50
2012.02.16 19:01:09.726,1.29231,1.29269,1.50,1.50
2012.02.16 19:01:10.284,1.29231,1.29268,1.50,1.50
2012.02.16 19:01:10.959,1.29231,1.29267,1.50,1.50
2012.02.16 19:01:11.720,1.29231,1.29265,1.50,1.50
2012.02.16 19:01:12.325,1.29231,1.29266,1.50,1.50
2012.02.16 19:01:15.644,1.29225,1.29265,2.25,2.25
2012.02.16 19:01:15.787,1.29227,1.29263,1.50,1.50
2012.02.16 19:01:16.037,1.29227,1.29267,1.50,1.50
2012.02.16 19:01:16.420,1.29227,1.29265,1.50,1.50
2012.02.16 19:01:16.955,1.29227,1.29266,1.50,1.50
2012.02.16 19:01:17.624,1.29227,1.29265,1.50,1.50
2012.02.16 19:01:18.500,1.29227,1.29262,1.50,1.50
2012.02.16 19:01:20.001,1.29227,1.29263,1.50,1.50
2012.02.16 19:01:20.367,1.29227,1.29266,1.50,1.50
2012.02.16 19:01:20.445,1.2923,1.29266,1.50,1.50
2012.02.16 19:01:21.316,1.2923,1.29265,1.50,1.50
2012.02.16 19:01:21.448,1.29231,1.29263,1.50,1.50
2012.02.16 19:01:21.820,1.29231,1.29261,1.50,1.50
2012.02.16 19:01:22.357,1.29231,1.29263,1.50,1.50
2012.02.16 19:01:22.431,1.29227,1.29265,2.25,1.50
2012.02.16 19:01:23.800,1.29227,1.29264,2.25,1.50
2012.02.16 19:01:24.292,1.29227,1.29266,2.25,1.50
2012.02.16 19:01:24.479,1.29226,1.29265,1.50,2.25
2012.02.16 19:01:24.677,1.29224,1.29237,1.50,2.13
2012.02.16 19:01:24.926,1.29222,1.29237,1.50,2.13
2012.02.16 19:01:25.061,1.2922,1.29237,2.48,2.87
2012.02.16 19:01:25.248,1.29218,1.29234,1.50,1.73
2012.02.16 19:01:25.319,1.29215,1.29234,3.75,1.73
2012.02.16 19:01:25.846,1.29217,1.29235,2.25,1.73
2012.02.16 19:01:25.979,1.29221,1.29243,2.25,1.50
2012.02.16 19:01:26.050,1.29221,1.29248,1.50,1.50
2012.02.16 19:01:26.119,1.29221,1.29262,1.50,3.00
2012.02.16 19:01:26.190,1.29221,1.29262,1.50,2.25
2012.02.16 19:01:26.508,1.29221,1.29261,1.50,2.25
2012.02.16 19:01:26.847,1.29216,1.29257,1.50,1.50
2012.02.16 19:01:27.037,1.29216,1.29259,1.50,3.75
2012.02.16 19:01:27.113,1.29215,1.29259,1.50,2.25
2012.02.16 19:01:29.439,1.29213,1.29258,2.25,2.25
2012.02.16 19:01:29.943,1.29211,1.29253,1.50,1.50
2012.02.16 19:01:30.071,1.29211,1.29251,1.50,2.25
2012.02.16 19:01:30.354,1.29211,1.29251,1.50,1.50
2012.02.16 19:01:30.831,1.29217,1.29251,1.50,1.50
2012.02.16 19:01:30.912,1.29217,1.29258,1.50,2.25
2012.02.16 19:01:31.216,1.29217,1.29258,1.50,2.25
2012.02.16 19:01:31.292,1.2922,1.29258,1.50,1.50
2012.02.16 19:01:31.547,1.2922,1.2926,1.50,1.50
2012.02.16 19:01:32.100,1.2922,1.29262,1.50,2.25
2012.02.16 19:01:32.480,1.2922,1.29257,1.50,1.50
2012.02.16 19:01:33.137,1.2922,1.29255,1.50,1.50
2012.02.16 19:01:33.809,1.2922,1.29256,1.50,1.50
2012.02.16 19:01:34.476,1.29217,1.29256,1.50,1.50
2012.02.16 19:01:35.040,1.29217,1.29254,1.50,1.50
2012.02.16 19:01:35.576,1.2922,1.29253,1.50,1.50
2012.02.16 19:01:36.257,1.2922,1.29258,1.50,1.50
2012.02.16 19:01:36.930,1.29217,1.29256,1.50,1.50
2012.02.16 19:01:37.120,1.29217,1.29256,1.50,1.50
2012.02.16 19:01:37.247,1.29218,1.29256,1.50,1.50
2012.02.16 19:01:37.439,1.29216,1.29255,1.50,1.50
2012.02.16 19:01:37.856,1.29218,1.29255,1.50,1.50
2012.02.16 19:01:38.429,1.29221,1.29256,1.50,1.50
2012.02.16 19:01:38.867,1.29221,1.29253,1.50,1.50
2012.02.16 19:01:39.640,1.29213,1.29253,1.50,1.50
2012.02.16 19:01:40.510,1.29213,1.29256,1.50,2.25
2012.02.16 19:01:40.698,1.29215,1.29256,1.50,2.25
2012.02.16 19:01:40.831,1.29215,1.29253,1.50,1.50
2012.02.16 19:01:42.948,1.29215,1.29251,1.50,1.50
2012.02.16 19:01:43.262,1.29219,1.29255,1.50,1.50
2012.02.16 19:01:43.329,1.29219,1.29257,1.50,1.50
2012.02.16 19:01:43.647,1.29219,1.2926,1.50,2.25
2012.02.16 19:01:43.962,1.29219,1.29256,1.50,1.50
2012.02.16 19:01:44.565,1.29219,1.29255,1.50,1.50
2012.02.16 19:01:45.092,1.29218,1.29254,1.50,1.50
2012.02.16 19:01:45.569,1.29218,1.29252,1.50,1.50
2012.02.16 19:01:46.351,1.29218,1.29254,1.50,1.50
2012.02.16 19:01:46.968,1.29221,1.29254,1.50,1.50
2012.02.16 19:01:47.040,1.29221,1.29256,1.50,1.50
2012.02.16 19:01:47.290,1.29221,1.29259,1.50,1.50
2012.02.16 19:01:47.828,1.29221,1.29255,1.50,1.50
2012.02.16 19:01:48.939,1.29212,1.29255,2.25,2.25
2012.02.16 19:01:49.127,1.29211,1.29245,1.50,1.50
2012.02.16 19:01:49.200,1.2921,1.29245,1.50,1.50
2012.02.16 19:01:49.340,1.2921,1.29243,1.50,1.50
2012.02.16 19:01:49.939,1.29208,1.29245,1.50,3.23
2012.02.16 19:01:50.728,1.29208,1.29244,1.50,1.50
2012.02.16 19:01:51.279,1.29208,1.29245,1.50,1.73
2012.02.16 19:01:51.349,1.29208,1.29242,1.50,1.50
2012.02.16 19:01:51.671,1.29201,1.29233,1.50,1.73
2012.02.16 19:01:51.857,1.29201,1.29239,1.50,1.73
2012.02.16 19:01:51.997,1.29201,1.29239,1.50,1.73
2012.02.16 19:01:52.314,1.29213,1.29234,1.50,1.73
2012.02.16 19:01:52.448,1.29214,1.29251,1.50,1.50
2012.02.16 19:01:52.519,1.29212,1.29251,1.50,1.50
2012.02.16 19:01:52.787,1.29212,1.29251,1.50,1.50
2012.02.16 19:01:53.037,1.29214,1.29255,2.25,1.88
2012.02.16 19:01:53.674,1.29216,1.29255,1.50,3.38
2012.02.16 19:01:54.006,1.29211,1.29251,1.50,2.25
2012.02.16 19:01:54.137,1.29211,1.29243,1.50,2.25
2012.02.16 19:01:54.456,1.29198,1.29233,1.50,1.73
2012.02.16 19:01:57.334,1.29199,1.29233,2.25,1.73
2012.02.16 19:01:58.408,1.29205,1.29233,1.50,1.73
2012.02.16 19:01:58.622,1.2922,1.29259,1.50,1.50
2012.02.16 19:01:58.698,1.29219,1.29262,2.25,2.25
2012.02.16 19:01:58.912,1.29218,1.29261,3.00,1.50
2012.02.16 19:01:59.251,1.29218,1.29259,1.50,1.50
2012.02.16 19:01:59.464,1.29222,1.29261,1.50,1.50
2012.02.16 19:02:00.068,1.29222,1.29262,1.50,1.50
2012.02.16 19:02:00.716,1.29222,1.29263,1.50,1.50
2012.02.16 19:02:01.386,1.29222,1.29262,1.50,1.50
2012.02.16 19:02:03.690,1.29222,1.29261,1.50,1.50
2012.02.16 19:02:03.828,1.29217,1.29261,3.00,1.50
2012.02.16 19:02:04.353,1.29221,1.29262,1.50,3.00
2012.02.16 19:02:04.677,1.29221,1.2926,1.50,1.50
2012.02.16 19:02:04.982,1.29218,1.29258,2.48,1.50
2012.02.16 19:02:05.050,1.29218,1.29258,2.48,1.50
2012.02.16 19:02:05.117,1.29217,1.29237,2.25,3.01
2012.02.16 19:02:05.488,1.29215,1.29237,2.25,3.01
2012.02.16 19:02:05.628,1.29213,1.29237,2.25,3.75
2012.02.16 19:02:05.946,1.29217,1.29237,1.50,3.75
2012.02.16 19:02:06.316,1.29215,1.29237,2.25,2.86
2012.02.16 19:02:06.520,1.29215,1.2923,1.50,1.67
2012.02.16 19:02:07.049,1.29205,1.2923,3.75,1.67
2012.02.16 19:02:07.686,1.29206,1.29227,2.25,1.67
2012.02.16 19:02:08.253,1.29205,1.29227,3.00,1.67
2012.02.16 19:02:09.701,1.29205,1.29227,1.50,1.67
2012.02.16 19:02:12.337,1.29205,1.29239,1.50,1.50
2012.02.16 19:02:12.406,1.2921,1.29248,1.50,1.50
2012.02.16 19:02:12.673,1.2921,1.29248,1.50,1.50
2012.02.16 19:02:13.289,1.29212,1.29252,1.50,2.25
2012.02.16 19:02:13.419,1.29212,1.29251,1.50,1.50
2012.02.16 19:02:13.941,1.29212,1.29249,1.50,1.50
2012.02.16 19:02:14.266,1.2921,1.29246,1.50,1.50
2012.02.16 19:02:14.710,1.2921,1.29246,1.50,1.50
2012.02.16 19:02:14.779,1.2921,1.29248,1.50,1.50
2012.02.16 19:02:15.359,1.2921,1.29246,1.50,1.50
2012.02.16 19:02:16.185,1.29207,1.29246,1.50,1.50
2012.02.16 19:02:16.700,1.29207,1.29248,1.50,3.00
2012.02.16 19:02:18.231,1.29217,1.29248,1.50,1.50
2012.02.16 19:02:18.298,1.29217,1.29251,1.50,1.50
2012.02.16 19:02:18.367,1.29217,1.29257,1.50,1.50
2012.02.16 19:02:18.439,1.29217,1.29259,1.50,1.50
2012.02.16 19:02:18.848,1.29217,1.29255,1.50,1.50
2012.02.16 19:02:19.455,1.29217,1.29254,1.50,1.50
2012.02.16 19:02:22.374,1.29217,1.29257,2.25,1.50
2012.02.16 19:02:22.949,1.29217,1.29256,1.50,1.50
2012.02.16 19:02:23.223,1.29217,1.29258,1.50,1.50
2012.02.16 19:02:24.136,1.29217,1.29259,1.50,1.50
2012.02.16 19:02:24.642,1.29217,1.29258,1.50,3.00
2012.02.16 19:02:24.832,1.29217,1.29256,1.50,1.50
2012.02.16 19:02:24.898,1.29217,1.29256,1.50,1.50
2012.02.16 19:02:26.090,1.29216,1.29254,1.50,1.50
2012.02.16 19:02:26.399,1.29212,1.29252,2.25,1.50
2012.02.16 19:02:26.892,1.29216,1.29254,1.50,1.50
2012.02.16 19:02:27.080,1.29216,1.29251,1.50,1.50
2012.02.16 19:02:27.737,1.29216,1.29253,1.50,1.50
2012.02.16 19:02:29.588,1.29216,1.29251,1.50,1.50
2012.02.16 19:02:29.916,1.29216,1.29253,1.50,1.50
2012.02.16 19:02:31.778,1.29216,1.29254,1.50,1.50
2012.02.16 19:02:31.850,1.29216,1.29256,1.50,2.25
2012.02.16 19:02:32.097,1.29216,1.29251,1.50,1.50
2012.02.16 19:02:32.665,1.29216,1.29255,1.50,1.50
2012.02.16 19:02:32.800,1.29216,1.29253,1.50,1.50
2012.02.16 19:02:33.310,1.29216,1.29254,1.50,1.50
2012.02.16 19:02:33.689,1.29219,1.29255,1.50,1.50
2012.02.16 19:02:33.828,1.29219,1.29257,1.50,1.50
2012.02.16 19:02:34.758,1.29219,1.29256,1.50,1.50
2012.02.16 19:02:34.851,1.29217,1.29254,2.25,1.50
2012.02.16 19:02:34.925,1.29217,1.29254,2.25,1.50
2012.02.16 19:02:35.074,1.29217,1.29254,1.50,1.50
2012.02.16 19:02:35.495,1.29215,1.29251,1.50,1.50
2012.02.16 19:02:35.631,1.29215,1.29253,1.50,1.50
2012.02.16 19:02:36.434,1.29215,1.29254,1.50,1.50
2012.02.16 19:02:36.519,1.29212,1.29255,1.50,1.50
2012.02.16 19:02:37.192,1.29212,1.29254,1.50,1.50
2012.02.16 19:02:37.827,1.29212,1.29255,1.50,1.50
2012.02.16 19:02:38.753,1.29212,1.29257,3.00,3.75
2012.02.16 19:02:38.830,1.29212,1.29254,3.00,1.50
2012.02.16 19:02:39.391,1.29215,1.29258,2.25,2.25
2012.02.16 19:02:39.987,1.29213,1.29255,2.25,1.50
2012.02.16 19:02:42.716,1.29213,1.29255,2.25,1.50
2012.02.16 19:02:43.320,1.29213,1.29256,2.25,1.50
2012.02.16 19:02:43.460,1.29215,1.29259,2.25,1.50
2012.02.16 19:02:43.712,1.29216,1.29257,1.50,1.50
2012.02.16 19:02:44.030,1.29212,1.29254,2.25,1.50
2012.02.16 19:02:44.478,1.29212,1.29251,1.50,1.50
2012.02.16 19:02:44.684,1.29212,1.29256,1.50,1.50
2012.02.16 19:02:45.383,1.29212,1.29257,3.00,3.00
2012.02.16 19:02:45.453,1.29212,1.29253,1.50,1.50
2012.02.16 19:02:46.890,1.29212,1.29254,1.50,1.50
2012.02.16 19:02:49.847,1.29222,1.29256,1.50,1.50
2012.02.16 19:02:58.168,1.29211,1.29255,3.75,1.50
2012.02.16 19:02:58.833,1.29217,1.29256,1.50,1.50
2012.02.16 19:02:58.898,1.29217,1.29258,1.50,1.50
2012.02.16 19:02:59.029,1.29222,1.29261,1.50,1.50
2012.02.16 19:02:59.506,1.29222,1.29256,1.50,1.50
2012.02.16 19:03:00.468,1.29221,1.29263,2.25,2.25
2012.02.16 19:03:00.549,1.29221,1.29263,2.25,1.50
2012.02.16 19:03:01.112,1.29222,1.29262,1.50,1.50
2012.02.16 19:03:01.253,1.29218,1.29261,2.25,1.50
2012.02.16 19:03:01.323,1.29216,1.29259,2.25,1.50
2012.02.16 19:03:01.393,1.29214,1.29258,2.25,1.50
2012.02.16 19:03:01.458,1.29216,1.29254,1.50,1.50
2012.02.16 19:03:01.588,1.29216,1.29257,2.25,1.50
2012.02.16 19:03:01.660,1.29218,1.29257,1.50,1.50
2012.02.16 19:03:01.848,1.29218,1.2926,1.50,1.50
2012.02.16 19:03:02.111,1.29222,1.29256,1.50,1.50
2012.02.16 19:03:02.641,1.29221,1.29257,1.50,1.50
2012.02.16 19:03:04.340,1.29217,1.29253,1.50,1.50
2012.02.16 19:03:04.471,1.29217,1.29253,1.50,1.50
2012.02.16 19:03:04.972,1.29217,1.29254,1.50,1.50
2012.02.16 19:03:05.475,1.29214,1.29259,2.25,2.25
2012.02.16 19:03:05.556,1.29214,1.29256,2.25,1.50
2012.02.16 19:03:05.689,1.29215,1.29258,2.25,2.25
2012.02.16 19:03:05.976,1.29215,1.29254,1.50,1.50
2012.02.16 19:03:06.297,1.29216,1.29257,1.50,1.50
2012.02.16 19:03:06.947,1.29216,1.29256,1.50,1.50
2012.02.16 19:03:07.670,1.29212,1.29251,2.25,1.50
2012.02.16 19:03:07.754,1.29202,1.29241,1.88,1.50
2012.02.16 19:03:07.860,1.29202,1.29241,1.88,1.50
2012.02.16 19:03:07.930,1.29206,1.29243,1.50,1.50
2012.02.16 19:03:08.138,1.2921,1.29252,2.25,1.50
2012.02.16 19:03:09.949,1.29211,1.29252,1.50,3.00
2012.02.16 19:03:10.417,1.29212,1.29254,2.25,1.50
2012.02.16 19:03:10.879,1.29208,1.29248,2.25,2.25
2012.02.16 19:03:11.477,1.29207,1.29251,3.00,2.25
2012.02.16 19:03:11.740,1.29217,1.29252,1.50,1.50
2012.02.16 19:03:12.290,1.29216,1.29259,2.25,2.25
2012.02.16 19:03:12.421,1.29215,1.29254,1.50,1.50
2012.02.16 19:03:12.969,1.29211,1.29252,1.50,1.50
2012.02.16 19:03:13.513,1.29211,1.29252,1.50,1.50
2012.02.16 19:03:13.981,1.29208,1.2925,2.25,2.48
2012.02.16 19:03:14.538,1.29199,1.29233,1.50,1.50
2012.02.16 19:03:14.624,1.29206,1.29249,1.50,2.25
2012.02.16 19:03:14.832,1.29209,1.29252,1.50,1.50
2012.02.16 19:03:15.113,1.29204,1.29249,2.25,2.25
2012.02.16 19:03:15.465,1.29207,1.29252,1.50,4.50
2012.02.16 19:03:15.787,1.29209,1.29252,1.50,1.50
2012.02.16 19:03:16.084,1.29206,1.29248,1.50,2.25
2012.02.16 19:03:16.690,1.29203,1.29246,3.75,2.25
2012.02.16 19:03:18.440,1.29205,1.29246,2.25,2.25
2012.02.16 19:03:18.511,1.29191,1.29235,3.75,2.25
2012.02.16 19:03:18.767,1.29192,1.29237,2.25,2.25
2012.02.16 19:03:19.088,1.29197,1.29239,1.50,2.25
2012.02.16 19:03:19.639,1.29198,1.2924,1.50,2.25
2012.02.16 19:03:19.960,1.29197,1.29236,1.50,2.25
2012.02.16 19:03:20.515,1.29208,1.29252,1.50,4.50
2012.02.16 19:03:21.024,1.29206,1.29249,2.25,2.25
2012.02.16 19:03:21.169,1.29207,1.29249,1.50,2.25
2012.02.16 19:03:21.357,1.29207,1.29246,1.50,1.50
2012.02.16 19:03:21.969,1.29204,1.29247,2.25,1.50
2012.02.16 19:03:22.278,1.29201,1.29245,3.00,1.50
2012.02.16 19:03:22.670,1.29201,1.29243,1.50,1.50
2012.02.16 19:03:23.528,1.29201,1.29244,1.50,1.50
2012.02.16 19:03:24.403,1.29201,1.29245,1.50,1.50
2012.02.16 19:03:24.886,1.29207,1.29247,1.50,1.50
2012.02.16 19:03:26.058,1.29207,1.29244,1.50,1.50
2012.02.16 19:03:26.582,1.29207,1.29243,1.50,1.50
2012.02.16 19:03:27.393,1.29201,1.29242,1.50,1.50
2012.02.16 19:03:27.461,1.29201,1.29244,1.50,1.50
2012.02.16 19:03:27.587,1.29201,1.29242,1.50,1.50
2012.02.16 19:03:28.326,1.29206,1.29243,1.50,1.50
2012.02.16 19:03:28.406,1.29206,1.29245,1.50,1.50
2012.02.16 19:03:28.839,1.29206,1.29243,1.50,1.50
2012.02.16 19:03:30.086,1.29201,1.29242,1.50,1.50
2012.02.16 19:03:30.430,1.29201,1.29239,1.50,1.50
2012.02.16 19:03:31.128,1.29196,1.29237,1.50,1.50
2012.02.16 19:03:31.209,1.29196,1.29236,1.50,1.50
2012.02.16 19:03:31.680,1.29201,1.29238,1.50,1.50
2012.02.16 19:03:32.349,1.29201,1.29239,1.50,1.50
2012.02.16 19:03:32.477,1.29203,1.29239,1.50,1.50
2012.02.16 19:03:32.857,1.29202,1.29237,1.50,1.50
2012.02.16 19:03:32.959,1.29202,1.29239,1.50,3.00
2012.02.16 19:03:33.517,1.29202,1.29238,1.50,1.50
2012.02.16 19:03:33.590,1.29202,1.2924,1.50,1.50
2012.02.16 19:03:34.611,1.29202,1.29239,1.50,1.50
2012.02.16 19:03:34.690,1.29202,1.29243,1.50,1.50
2012.02.16 19:03:34.834,1.29202,1.29246,1.50,1.50
2012.02.16 19:03:34.986,1.29202,1.29247,3.00,1.50
2012.02.16 19:03:35.339,1.29207,1.29244,1.50,1.50
2012.02.16 19:03:35.480,1.29206,1.29244,1.50,1.50
2012.02.16 19:03:35.620,1.29206,1.2924,1.50,1.50
2012.02.16 19:03:36.195,1.29207,1.29241,1.50,1.50
2012.02.16 19:03:36.278,1.29207,1.29243,1.50,1.50
2012.02.16 19:03:36.942,1.29207,1.29244,1.50,1.50
2012.02.16 19:03:38.657,1.29207,1.29244,1.50,1.50
2012.02.16 19:03:39.154,1.29211,1.29244,1.50,1.50
2012.02.16 19:03:39.236,1.29211,1.29246,1.50,1.50
2012.02.16 19:03:39.369,1.29204,1.29247,2.25,2.25
2012.02.16 19:03:39.441,1.29202,1.29237,1.50,1.50
2012.02.16 19:03:39.944,1.29198,1.29236,1.50,1.50
2012.02.16 19:03:40.279,1.29201,1.29236,1.50,1.50
2012.02.16 19:03:40.620,1.29204,1.29232,1.50,1.50
2012.02.16 19:03:40.695,1.29204,1.29236,1.50,1.50
2012.02.16 19:03:41.321,1.29204,1.29235,1.50,1.50
2012.02.16 19:03:41.394,1.29202,1.29241,1.50,1.50
2012.02.16 19:03:41.889,1.29202,1.29239,1.50,1.50
2012.02.16 19:03:43.381,1.29204,1.2924,1.50,1.50
2012.02.16 19:03:43.508,1.29206,1.29242,1.50,1.50
2012.02.16 19:03:43.713,1.29206,1.29251,3.00,3.75
2012.02.16 19:03:44.178,1.29206,1.29243,1.50,1.50
2012.02.16 19:03:44.479,1.29206,1.29245,1.50,1.50
2012.02.16 19:03:45.011,1.29206,1.29244,1.50,1.50
2012.02.16 19:03:45.242,1.29198,1.29242,1.50,1.50
2012.02.16 19:03:45.556,1.292,1.29239,1.50,1.50
2012.02.16 19:03:45.823,1.29199,1.2924,1.50,2.25
2012.02.16 19:03:46.100,1.29197,1.29238,1.50,1.50
2012.02.16 19:03:46.761,1.29195,1.29238,2.25,3.00
2012.02.16 19:03:47.964,1.29196,1.29238,1.50,2.25
2012.02.16 19:03:48.659,1.29196,1.29237,1.50,1.50
2012.02.16 19:03:49.196,1.29198,1.29241,1.50,2.25
2012.02.16 19:03:49.701,1.29196,1.29239,1.50,2.25
2012.02.16 19:03:50.371,1.29196,1.2924,1.50,2.25
2012.02.16 19:03:51.112,1.29192,1.29236,1.50,2.25
2012.02.16 19:03:51.428,1.29197,1.2924,1.50,2.25
2012.02.16 19:03:52.084,1.29197,1.29242,2.25,2.25
2012.02.16 19:03:52.549,1.29201,1.29244,1.50,3.75
2012.02.16 19:03:52.862,1.29198,1.29238,2.25,1.50
2012.02.16 19:03:53.004,1.29191,1.29235,1.50,1.50
2012.02.16 19:03:53.078,1.29191,1.29235,1.50,1.50
2012.02.16 19:03:53.590,1.29194,1.29239,3.75,2.25
2012.02.16 19:03:53.910,1.29195,1.2924,2.25,2.25
2012.02.16 19:03:54.890,1.29196,1.29239,1.50,1.50
2012.02.16 19:03:56.001,1.29196,1.29241,3.00,2.25
2012.02.16 19:03:56.350,1.29186,1.29212,1.50,1.50
2012.02.16 19:03:56.944,1.29192,1.29215,2.25,1.50
2012.02.16 19:03:57.031,1.29196,1.29237,1.50,1.50
2012.02.16 19:03:57.158,1.29196,1.29241,3.00,2.25
2012.02.16 19:03:57.708,1.29196,1.29241,3.00,1.50
2012.02.16 19:03:57.959,1.29195,1.29239,2.25,1.50
2012.02.16 19:03:58.264,1.29194,1.29237,2.25,1.50
2012.02.16 19:03:58.399,1.29196,1.29239,2.25,1.50
2012.02.16 19:03:58.909,1.29197,1.2924,2.25,1.50
2012.02.16 19:03:59.449,1.29195,1.29239,3.75,1.50
2012.02.16 19:03:59.519,1.29194,1.29238,2.25,1.50
2012.02.16 19:03:59.891,1.29193,1.29238,2.25,2.25
2012.02.16 19:04:00.279,1.29193,1.29235,2.25,1.50
2012.02.16 19:04:00.818,1.29192,1.29235,2.25,2.25
2012.02.16 19:04:00.989,1.29192,1.29235,3.00,2.25
2012.02.16 19:04:04.700,1.29192,1.29233,1.50,1.50
2012.02.16 19:04:08.838,1.29192,1.29234,1.50,2.25
2012.02.16 19:04:09.414,1.29192,1.29233,1.50,1.50
2012.02.16 19:04:10.287,1.29192,1.29233,1.50,1.50
2012.02.16 19:04:11.488,1.29192,1.29232,1.50,1.50
2012.02.16 19:04:12.359,1.29192,1.29234,1.50,1.50
2012.02.16 19:04:15.169,1.29193,1.29235,2.25,1.50
2012.02.16 19:04:15.766,1.29196,1.29235,1.50,1.50
2012.02.16 19:04:15.838,1.29197,1.29235,1.50,1.50
2012.02.16 19:04:16.520,1.29197,1.2924,2.25,1.50
2012.02.16 19:04:16.596,1.29199,1.29242,2.25,1.50
2012.02.16 19:04:16.791,1.29197,1.29239,1.50,1.50
2012.02.16 19:04:16.861,1.29197,1.29239,1.50,1.50
2012.02.16 19:04:16.929,1.29197,1.29237,1.50,1.50
2012.02.16 19:04:17.249,1.29187,1.29223,1.50,1.50
2012.02.16 19:04:17.778,1.29187,1.29222,1.50,1.50
2012.02.16 19:04:17.850,1.29187,1.29224,1.50,1.50
2012.02.16 19:04:19.186,1.29187,1.29226,1.50,1.50
2012.02.16 19:04:20.422,1.29191,1.29226,1.50,1.50
2012.02.16 19:04:20.630,1.29187,1.29224,1.50,1.50
2012.02.16 19:04:20.761,1.29187,1.29226,1.50,1.50
2012.02.16 19:04:20.890,1.29191,1.29224,1.50,1.50
2012.02.16 19:04:21.018,1.29191,1.29226,1.50,1.50
2012.02.16 19:04:22.371,1.29197,1.29225,1.50,1.50
2012.02.16 19:04:22.451,1.29197,1.29231,1.50,1.50
2012.02.16 19:04:22.761,1.29197,1.29236,1.50,1.50
2012.02.16 19:04:22.950,1.29197,1.29233,1.50,1.50
2012.02.16 19:04:23.511,1.29197,1.29232,1.50,1.50
2012.02.16 19:04:24.061,1.29197,1.29231,1.50,1.50
2012.02.16 19:04:24.908,1.29197,1.29232,1.50,1.50
2012.02.16 19:04:25.697,1.29197,1.29232,1.50,1.50
2012.02.16 19:04:26.809,1.29194,1.29237,2.25,1.50
2012.02.16 19:04:27.340,1.29191,1.29235,3.00,1.50
2012.02.16 19:04:28.758,1.29197,1.29234,1.50,1.50
2012.02.16 19:04:29.078,1.29192,1.29235,1.50,1.50
2012.02.16 19:04:29.269,1.29193,1.29238,2.25,1.50
2012.02.16 19:04:29.520,1.29192,1.29234,3.00,1.50
2012.02.16 19:04:30.862,1.29193,1.29236,2.25,1.50
2012.02.16 19:04:32.297,1.292,1.29236,1.50,1.50
2012.02.16 19:04:32.489,1.29196,1.29234,1.50,1.50
2012.02.16 19:04:33.157,1.29196,1.29234,1.50,1.50
2012.02.16 19:04:33.359,1.29196,1.29232,1.50,1.50
2012.02.16 19:04:33.688,1.29192,1.2923,1.50,1.50
2012.02.16 19:04:34.123,1.29186,1.29226,2.25,1.50
2012.02.16 19:04:34.665,1.29186,1.29225,2.25,1.50
2012.02.16 19:04:35.479,1.29186,1.29227,2.25,1.50
2012.02.16 19:04:36.172,1.29186,1.29226,2.25,1.50
2012.02.16 19:04:37.146,1.29186,1.29227,2.25,1.50
2012.02.16 19:04:38.231,1.29186,1.29226,2.25,1.50
2012.02.16 19:04:38.968,1.29187,1.29224,1.50,1.50
2012.02.16 19:04:39.562,1.29187,1.29225,1.50,1.50
2012.02.16 19:04:40.816,1.29186,1.29225,1.50,1.50
2012.02.16 19:04:41.466,1.29186,1.29227,1.50,3.00
2012.02.16 19:04:41.538,1.29186,1.29225,1.50,1.50
2012.02.16 19:04:41.668,1.29186,1.29225,1.50,1.50
2012.02.16 19:04:42.217,1.29186,1.29224,1.50,1.50
2012.02.16 19:04:42.744,1.29186,1.29225,1.50,1.50
2012.02.16 19:04:43.251,1.29186,1.29224,1.50,1.50
2012.02.16 19:04:43.539,1.29186,1.29226,1.50,1.50
2012.02.16 19:04:43.947,1.29186,1.29224,1.50,1.50
2012.02.16 19:04:44.279,1.29195,1.29224,1.50,1.50
2012.02.16 19:04:44.349,1.29195,1.29228,1.50,1.50
2012.02.16 19:04:44.418,1.29195,1.2923,1.50,1.50
2012.02.16 19:04:44.606,1.2919,1.29228,1.50,1.50
2012.02.16 19:04:45.397,1.2919,1.29227,1.50,1.50
2012.02.16 19:04:46.977,1.2919,1.29227,1.50,1.50
2012.02.16 19:04:47.686,1.2919,1.29227,1.50,1.50
2012.02.16 19:04:49.610,1.2919,1.29226,1.50,1.50
2012.02.16 19:04:49.767,1.29191,1.29226,1.50,1.50
2012.02.16 19:04:49.844,1.29191,1.29228,1.50,1.50
2012.02.16 19:04:49.919,1.29191,1.29228,1.50,1.50
2012.02.16 19:04:50.400,1.29192,1.29232,2.25,1.50
2012.02.16 19:04:50.509,1.29193,1.29237,2.25,1.50
2012.02.16 19:04:50.590,1.29199,1.29232,1.50,1.50
2012.02.16 19:04:50.734,1.29196,1.29232,1.50,1.50
2012.02.16 19:04:50.818,1.29201,1.29234,1.50,1.50
2012.02.16 19:04:50.966,1.29201,1.29234,1.50,1.50
2012.02.16 19:04:51.042,1.29201,1.29231,1.50,1.50
2012.02.16 19:04:51.424,1.29196,1.29237,1.50,1.50
2012.02.16 19:04:51.503,1.29199,1.29237,1.50,1.50
2012.02.16 19:04:52.076,1.29194,1.29228,1.50,1.50
2012.02.16 19:04:52.290,1.29194,1.2923,1.50,1.50
2012.02.16 19:04:52.732,1.29195,1.29232,1.50,1.50
2012.02.16 19:04:52.937,1.29194,1.29231,1.50,2.25
2012.02.16 19:04:53.137,1.29187,1.29221,1.50,1.50
2012.02.16 19:04:53.210,1.29178,1.29218,1.50,2.25
2012.02.16 19:04:53.469,1.29178,1.29219,1.50,2.25
2012.02.16 19:04:53.716,1.29179,1.29219,1.50,1.50
2012.02.16 19:04:53.908,1.29179,1.29219,1.50,1.50
2012.02.16 19:04:54.362,1.29185,1.29221,1.50,1.50
2012.02.16 19:04:54.499,1.29178,1.29222,2.25,1.50
2012.02.16 19:04:54.572,1.29178,1.29219,2.25,1.50
2012.02.16 19:04:54.904,1.2918,1.29216,1.50,1.50
2012.02.16 19:04:55.453,1.2918,1.29218,1.50,1.50
2012.02.16 19:04:55.719,1.2918,1.29216,1.50,1.50
2012.02.16 19:04:55.790,1.2918,1.29218,1.50,1.50
2012.02.16 19:04:56.332,1.2918,1.29219,1.50,2.25
2012.02.16 19:04:56.856,1.2918,1.29217,1.50,1.50
2012.02.16 19:05:01.818,1.29182,1.29218,1.50,1.50
2012.02.16 19:05:01.890,1.29177,1.29218,1.50,1.50
2012.02.16 19:05:01.959,1.29177,1.2922,3.00,1.50
2012.02.16 19:05:02.423,1.29179,1.29222,2.25,1.50
2012.02.16 19:05:02.752,1.29182,1.29222,1.50,1.50
2012.02.16 19:05:02.961,1.29181,1.29216,1.50,1.50
2012.02.16 19:05:03.031,1.29181,1.29212,1.50,1.50
2012.02.16 19:05:03.350,1.29172,1.29208,1.13,1.50
2012.02.16 19:05:03.541,1.29171,1.29211,1.88,3.00
2012.02.16 19:05:03.740,1.29174,1.29214,1.50,3.75
2012.02.16 19:05:04.362,1.29172,1.29211,1.50,1.50
2012.02.16 19:05:04.489,1.29172,1.29211,1.50,1.50
2012.02.16 19:05:04.677,1.29172,1.29211,1.50,3.00
2012.02.16 19:05:05.051,1.29172,1.29212,1.50,1.50
2012.02.16 19:05:05.377,1.29172,1.29209,1.50,1.50
2012.02.16 19:05:05.699,1.29175,1.29213,1.50,3.00
2012.02.16 19:05:05.771,1.29175,1.29213,1.50,1.50
2012.02.16 19:05:05.838,1.29175,1.29215,1.50,2.25
2012.02.16 19:05:06.027,1.29178,1.29216,1.50,1.50
2012.02.16 19:05:06.326,1.29182,1.29217,1.50,1.50
2012.02.16 19:05:06.804,1.29182,1.29214,1.50,1.50
2012.02.16 19:05:12.008,1.29179,1.29217,1.50,1.50
2012.02.16 19:05:12.198,1.29181,1.29217,1.50,1.50
2012.02.16 19:05:12.450,1.29179,1.29213,1.50,1.50
2012.02.16 19:05:12.975,1.29179,1.29214,1.50,1.50
2012.02.16 19:05:13.056,1.29179,1.29212,1.50,1.50
2012.02.16 19:05:13.410,1.29179,1.29215,1.50,1.50
2012.02.16 19:05:14.030,1.2918,1.29215,1.50,1.50
2012.02.16 19:05:14.368,1.29186,1.29215,1.50,1.50
2012.02.16 19:05:14.651,1.29195,1.29219,1.50,1.50
2012.02.16 19:05:14.779,1.29195,1.29226,1.50,1.50
2012.02.16 19:05:15.088,1.29195,1.29224,1.50,1.50
2012.02.16 19:05:15.401,1.29195,1.29225,2.25,1.50
2012.02.16 19:05:16.270,1.29195,1.29225,1.50,1.50
2012.02.16 19:05:16.351,1.29195,1.29224,1.50,1.50
2012.02.16 19:05:16.860,1.29195,1.29223,1.50,3.00
2012.02.16 19:05:17.377,1.29195,1.29223,2.25,1.50
2012.02.16 19:05:17.936,1.29195,1.29222,2.25,1.50
2012.02.16 19:05:18.007,1.29195,1.29225,2.25,1.50
2012.02.16 19:05:18.338,1.29195,1.29222,2.25,1.50
2012.02.16 19:05:19.823,1.29195,1.29224,2.25,1.50
2012.02.16 19:05:20.291,1.29195,1.29227,2.25,1.50
2012.02.16 19:05:20.359,1.29195,1.29224,2.25,1.50
2012.02.16 19:05:20.638,1.29195,1.29224,1.50,1.50
2012.02.16 19:05:21.536,1.29195,1.29224,2.25,1.50
2012.02.16 19:05:22.150,1.29195,1.29221,2.25,1.50
2012.02.16 19:05:22.496,1.29194,1.29218,1.50,1.50
2012.02.16 19:05:23.302,1.29195,1.29217,1.50,1.50
2012.02.16 19:05:23.384,1.29196,1.29221,1.50,1.50
2012.02.16 19:05:23.531,1.29196,1.29223,1.50,1.50
2012.02.16 19:05:23.599,1.29196,1.29225,1.50,3.00
2012.02.16 19:05:23.668,1.29196,1.29223,1.50,1.50
2012.02.16 19:05:23.922,1.29196,1.29226,1.50,3.00
2012.02.16 19:05:24.050,1.29196,1.2922,1.50,1.50
2012.02.16 19:05:24.358,1.29196,1.29222,1.50,1.50
2012.02.16 19:05:24.670,1.29196,1.29224,1.50,3.00
2012.02.16 19:05:24.989,1.29196,1.29221,1.50,1.50
2012.02.16 19:05:25.506,1.29196,1.29219,1.50,1.50
2012.02.16 19:05:25.573,1.29196,1.29225,1.50,1.50
2012.02.16 19:05:26.117,1.29195,1.29207,1.50,1.50
2012.02.16 19:05:26.389,1.29193,1.29213,2.25,1.50
2012.02.16 19:05:27.337,1.29193,1.29212,2.25,1.50
2012.02.16 19:05:27.422,1.29196,1.29221,1.50,1.50
2012.02.16 19:05:27.694,1.29196,1.29218,1.50,1.50
2012.02.16 19:05:28.047,1.29196,1.29215,1.50,1.50
2012.02.16 19:05:28.802,1.29196,1.29213,1.50,1.50
2012.02.16 19:05:29.375,1.29193,1.29211,1.50,1.50
2012.02.16 19:05:29.698,1.29193,1.29207,1.50,1.50
2012.02.16 19:05:29.848,1.29193,1.29209,1.50,1.50
2012.02.16 19:05:30.224,1.29192,1.29207,1.50,1.50
2012.02.16 19:05:30.598,1.29192,1.29207,1.50,1.50
2012.02.16 19:05:30.861,1.29192,1.29209,1.50,1.50
2012.02.16 19:05:31.378,1.29192,1.29207,1.50,1.50
2012.02.16 19:05:35.411,1.29192,1.29208,1.50,1.50
2012.02.16 19:05:35.918,1.29193,1.29208,1.50,1.50
2012.02.16 19:05:36.226,1.29193,1.29212,1.50,1.50
2012.02.16 19:05:36.361,1.29193,1.2921,1.50,1.50
2012.02.16 19:05:36.708,1.29193,1.29208,1.50,1.50
2012.02.16 19:05:37.021,1.29193,1.29206,1.50,1.50
2012.02.16 19:05:37.961,1.29193,1.29205,1.50,1.50
2012.02.16 19:05:38.556,1.29193,1.29206,1.50,1.50
2012.02.16 19:05:39.237,1.29193,1.29205,1.50,1.50
2012.02.16 19:05:40.277,1.29193,1.29205,1.50,1.50
2012.02.16 19:05:40.881,1.29191,1.29204,1.50,1.50
2012.02.16 19:05:41.458,1.29191,1.29201,1.50,1.50
2012.02.16 19:05:41.744,1.29188,1.2921,2.25,3.00
2012.02.16 19:05:41.950,1.29188,1.2921,2.25,1.50
2012.02.16 19:05:42.356,1.2919,1.2921,1.50,1.50
2012.02.16 19:05:43.017,1.29192,1.29212,1.50,1.50
2012.02.16 19:05:43.088,1.29192,1.29208,1.50,1.50
2012.02.16 19:05:43.399,1.29192,1.2921,1.50,1.50
2012.02.16 19:05:43.601,1.29192,1.29215,1.50,1.50
2012.02.16 19:05:44.124,1.29192,1.29211,1.50,1.50
2012.02.16 19:05:44.591,1.2919,1.29207,2.25,1.50
2012.02.16 19:05:45.157,1.2919,1.29205,2.25,1.50
2012.02.16 19:05:45.259,1.2919,1.29207,2.25,1.50
2012.02.16 19:05:45.332,1.2919,1.29209,2.25,1.50
2012.02.16 19:05:45.792,1.2919,1.29207,2.25,1.50
2012.02.16 19:05:46.121,1.29191,1.29205,1.50,1.50
2012.02.16 19:05:48.527,1.29191,1.29203,1.50,1.50
2012.02.16 19:05:49.324,1.29191,1.29204,1.50,1.50
2012.02.16 19:05:49.859,1.29192,1.29205,1.50,1.50
2012.02.16 19:05:50.048,1.29192,1.29207,1.50,1.50
2012.02.16 19:05:50.965,1.29193,1.29207,1.50,1.50
2012.02.16 19:05:51.060,1.29193,1.2921,1.50,1.50
2012.02.16 19:05:51.200,1.29193,1.29208,1.50,1.50
2012.02.16 19:05:51.726,1.29193,1.29209,1.50,3.00
2012.02.16 19:05:51.806,1.29193,1.29213,1.50,1.50
2012.02.16 19:05:52.103,1.29193,1.29211,1.50,1.50
2012.02.16 19:05:52.872,1.29193,1.29207,1.50,1.50
2012.02.16 19:05:53.057,1.29195,1.29214,1.50,1.50
2012.02.16 19:05:53.330,1.29193,1.29211,2.25,1.50
2012.02.16 19:05:54.122,1.29194,1.29214,1.50,1.50
2012.02.16 19:05:54.772,1.29192,1.29214,1.50,1.50
2012.02.16 19:05:54.850,1.29191,1.2921,1.50,1.50
2012.02.16 19:05:55.181,1.29192,1.29209,2.25,1.50
2012.02.16 19:05:55.259,1.29192,1.29211,2.25,1.50
2012.02.16 19:05:55.394,1.29192,1.29214,2.25,1.50
2012.02.16 19:05:55.592,1.29192,1.29214,1.50,1.50
2012.02.16 19:05:55.733,1.29194,1.29216,1.50,1.50
2012.02.16 19:05:55.988,1.29194,1.29213,1.50,1.50
2012.02.16 19:05:56.575,1.29194,1.29212,1.50,1.50
2012.02.16 19:05:58.222,1.29194,1.29211,1.50,1.50
2012.02.16 19:05:58.896,1.29194,1.29212,1.50,1.50
2012.02.16 19:06:00.850,1.29194,1.29211,1.50,1.50
2012.02.16 19:06:02.030,1.29194,1.29213,1.50,3.00
2012.02.16 19:06:02.688,1.29194,1.29211,1.50,1.50
2012.02.16 19:06:03.560,1.29194,1.29212,1.50,1.50
2012.02.16 19:06:04.659,1.29194,1.29213,1.50,1.50
2012.02.16 19:06:04.792,1.29194,1.29212,1.50,1.50
2012.02.16 19:06:05.427,1.29194,1.29212,1.50,1.50
2012.02.16 19:06:06.017,1.29194,1.29211,1.50,1.50
2012.02.16 19:06:09.053,1.29194,1.2921,1.50,1.50
2012.02.16 19:06:09.120,1.29194,1.29208,1.50,1.50
2012.02.16 19:06:09.460,1.29194,1.2921,1.50,1.50
2012.02.16 19:06:10.141,1.29194,1.29209,1.50,1.50
2012.02.16 19:06:10.273,1.29194,1.29212,1.50,1.50
2012.02.16 19:06:11.710,1.29194,1.29206,1.50,1.50
2012.02.16 19:06:12.037,1.2919,1.29203,1.50,1.50
2012.02.16 19:06:12.227,1.2919,1.29206,2.25,1.50
2012.02.16 19:06:12.459,1.2919,1.29208,2.25,1.50
2012.02.16 19:06:14.177,1.2919,1.29211,2.25,1.50
2012.02.16 19:06:14.266,1.29191,1.29207,1.50,3.00
2012.02.16 19:06:14.817,1.29191,1.29208,1.50,1.50
2012.02.16 19:06:15.335,1.29191,1.29207,1.50,1.50
2012.02.16 19:06:15.873,1.29187,1.29208,1.50,1.50
2012.02.16 19:06:16.485,1.29184,1.29208,1.50,1.50
2012.02.16 19:06:16.560,1.29184,1.29203,1.50,1.50
2012.02.16 19:06:16.833,1.29182,1.29206,1.50,1.50
2012.02.16 19:06:17.357,1.29182,1.29205,1.50,1.50
2012.02.16 19:06:18.030,1.29182,1.29204,1.50,1.50
2012.02.16 19:06:18.961,1.29182,1.29203,1.50,1.50
2012.02.16 19:06:19.308,1.29182,1.29205,1.50,1.50
2012.02.16 19:06:19.857,1.29182,1.29204,1.50,1.50
2012.02.16 19:06:20.860,1.29182,1.29201,1.50,1.50
2012.02.16 19:06:21.419,1.29182,1.29202,1.50,1.50
2012.02.16 19:06:22.351,1.29182,1.29201,1.50,1.50
2012.02.16 19:06:22.532,1.29182,1.29202,1.50,1.50
2012.02.16 19:06:23.269,1.29182,1.292,1.50,1.50
2012.02.16 19:06:23.843,1.29182,1.29201,1.50,1.50
2012.02.16 19:06:24.430,1.29182,1.29202,1.50,1.50
2012.02.16 19:06:25.706,1.29182,1.29203,1.50,1.50
2012.02.16 19:06:26.028,1.29185,1.29203,2.25,1.50
2012.02.16 19:06:26.257,1.29185,1.29206,2.25,1.50
2012.02.16 19:06:26.395,1.29185,1.29207,2.25,1.50
2012.02.16 19:06:26.770,1.29185,1.29203,2.25,1.50
2012.02.16 19:06:27.329,1.29185,1.29202,1.50,1.50
2012.02.16 19:06:27.461,1.29182,1.29201,1.50,1.50
2012.02.16 19:06:27.587,1.29182,1.29201,1.50,1.50
2012.02.16 19:06:28.129,1.29182,1.29199,1.50,1.50
2012.02.16 19:06:28.669,1.29182,1.292,1.50,1.50
2012.02.16 19:06:29.540,1.29182,1.29202,1.50,1.50
2012.02.16 19:06:30.778,1.29182,1.29202,1.50,1.50
2012.02.16 19:06:31.108,1.29182,1.29199,1.50,1.50
2012.02.16 19:06:31.245,1.29182,1.29201,1.50,1.50
2012.02.16 19:06:31.387,1.29175,1.29199,2.25,1.50
2012.02.16 19:06:31.609,1.29176,1.29201,1.50,1.50
2012.02.16 19:06:31.682,1.29176,1.29199,1.50,1.50
2012.02.16 19:06:31.883,1.29181,1.29199,2.25,1.50
2012.02.16 19:06:32.564,1.29177,1.29199,1.50,1.50
2012.02.16 19:06:32.680,1.29178,1.29203,1.50,1.50
2012.02.16 19:06:32.760,1.29178,1.29199,1.50,1.50
2012.02.16 19:06:33.309,1.29178,1.292,1.50,1.50
2012.02.16 19:06:33.659,1.29178,1.29202,1.50,1.50
2012.02.16 19:06:34.368,1.29178,1.292,1.50,1.50
2012.02.16 19:06:34.437,1.29178,1.29202,1.50,1.50
2012.02.16 19:06:35.127,1.29179,1.29204,1.50,1.50
2012.02.16 19:06:35.338,1.29182,1.29213,1.50,1.50
2012.02.16 19:06:35.591,1.29181,1.29213,1.50,1.50
2012.02.16 19:06:35.928,1.29181,1.2921,1.50,1.50
2012.02.16 19:06:36.296,1.29181,1.29208,1.50,1.50
2012.02.16 19:06:36.893,1.29181,1.29207,1.50,1.50
2012.02.16 19:06:37.661,1.29181,1.29205,1.50,1.50
2012.02.16 19:06:37.791,1.29179,1.29203,1.50,1.50
2012.02.16 19:06:38.119,1.29179,1.29201,1.50,1.50
2012.02.16 19:06:38.309,1.29179,1.29205,1.50,1.50
2012.02.16 19:06:38.402,1.29179,1.29205,1.50,1.50
2012.02.16 19:06:38.859,1.29179,1.29202,1.50,1.50
2012.02.16 19:06:39.311,1.29178,1.292,1.50,1.50
2012.02.16 19:06:39.567,1.29178,1.29202,1.50,1.50
2012.02.16 19:06:40.219,1.29178,1.292,1.50,1.50
2012.02.16 19:06:40.829,1.29178,1.29201,1.50,1.50
2012.02.16 19:06:42.418,1.29178,1.29202,1.50,3.00
2012.02.16 19:06:42.751,1.29178,1.29199,1.50,1.50
2012.02.16 19:06:42.938,1.29181,1.29199,1.50,1.50
2012.02.16 19:06:43.081,1.29187,1.29223,1.50,2.25
2012.02.16 19:06:43.225,1.29184,1.29223,1.50,3.00
2012.02.16 19:06:43.693,1.2918,1.29221,3.00,1.50
2012.02.16 19:06:43.761,1.29187,1.29222,1.50,1.50
2012.02.16 19:06:43.887,1.29187,1.29224,1.50,1.50
2012.02.16 19:06:44.390,1.29187,1.29223,1.50,1.50
2012.02.16 19:06:44.592,1.29182,1.2922,1.50,1.50
2012.02.16 19:06:45.221,1.29182,1.29221,1.50,1.50
2012.02.16 19:06:46.469,1.29186,1.2922,1.50,1.50
2012.02.16 19:06:46.984,1.29186,1.29221,1.50,1.50
2012.02.16 19:06:47.308,1.29186,1.29224,1.50,2.25
2012.02.16 19:06:47.748,1.29186,1.29222,1.50,1.50
2012.02.16 19:06:48.229,1.29189,1.29223,1.50,1.50
2012.02.16 19:06:48.424,1.29186,1.29224,1.50,2.25
2012.02.16 19:06:48.498,1.29186,1.29222,1.50,1.50
2012.02.16 19:06:48.904,1.29186,1.29223,1.50,1.50
2012.02.16 19:06:49.247,1.29186,1.29221,1.50,1.50
2012.02.16 19:06:49.782,1.29186,1.29222,1.50,3.00
2012.02.16 19:06:50.310,1.29186,1.2922,1.50,1.50
2012.02.16 19:06:50.380,1.29186,1.29222,1.50,1.50
2012.02.16 19:06:52.021,1.29186,1.2922,1.50,1.50
2012.02.16 19:06:52.226,1.29186,1.29222,1.50,1.50
2012.02.16 19:06:53.649,1.29186,1.29221,1.50,1.50
2012.02.16 19:06:54.438,1.29186,1.29224,1.50,2.25
2012.02.16 19:06:54.507,1.29191,1.29224,1.50,2.25
2012.02.16 19:06:55.020,1.29191,1.29227,1.50,1.50
2012.02.16 19:06:55.652,1.29191,1.29224,1.50,1.50
2012.02.16 19:06:56.187,1.29186,1.29224,1.50,1.50
2012.02.16 19:06:56.319,1.29186,1.29218,1.50,1.50
2012.02.16 19:06:56.521,1.29186,1.29221,1.50,1.50
2012.02.16 19:06:56.890,1.29186,1.29223,1.50,1.50
2012.02.16 19:06:58.598,1.29186,1.29224,1.50,1.50
2012.02.16 19:06:59.171,1.29186,1.29225,1.50,1.50
2012.02.16 19:06:59.847,1.29191,1.29225,1.50,1.50
2012.02.16 19:07:01.949,1.29191,1.29223,1.50,1.50
2012.02.16 19:07:02.557,1.29187,1.29223,1.50,1.50
2012.02.16 19:07:02.890,1.29187,1.29221,1.50,1.50
2012.02.16 19:07:03.424,1.29187,1.29222,1.50,1.50
2012.02.16 19:07:03.982,1.29187,1.29223,1.50,1.50
2012.02.16 19:07:04.297,1.29187,1.29225,1.50,1.50
2012.02.16 19:07:04.369,1.29187,1.29227,1.50,2.25
2012.02.16 19:07:05.505,1.29187,1.29225,1.50,1.50
2012.02.16 19:07:06.334,1.29191,1.29228,1.50,3.00
2012.02.16 19:07:06.539,1.29183,1.29225,2.25,1.50
2012.02.16 19:07:06.861,1.29181,1.2922,1.50,3.00
2012.02.16 19:07:07.171,1.29181,1.29218,1.50,1.50
2012.02.16 19:07:08.698,1.29191,1.29218,1.50,1.50
2012.02.16 19:07:09.503,1.29191,1.2922,2.25,1.50
2012.02.16 19:07:09.571,1.29191,1.29216,2.25,1.50
2012.02.16 19:07:09.883,1.29191,1.29215,2.25,1.50
2012.02.16 19:07:10.243,1.29191,1.29213,2.25,1.50
2012.02.16 19:07:10.596,1.29191,1.29213,1.50,1.50
2012.02.16 19:07:11.320,1.2918,1.29213,1.50,1.50
2012.02.16 19:07:12.359,1.29182,1.29218,2.25,1.50
2012.02.16 19:07:12.889,1.29182,1.29219,2.25,1.50
2012.02.16 19:07:13.170,1.29182,1.29216,2.25,1.50
2012.02.16 19:07:13.891,1.29182,1.29217,1.50,1.50
2012.02.16 19:07:14.445,1.29182,1.29216,1.50,1.50
2012.02.16 19:07:15.074,1.29182,1.29212,1.50,1.50
2012.02.16 19:07:15.296,1.29182,1.29216,1.50,1.50
2012.02.16 19:07:16.022,1.29182,1.29215,1.50,1.50
2012.02.16 19:07:16.092,1.29182,1.29213,1.50,1.50
2012.02.16 19:07:16.161,1.29181,1.29215,2.25,1.50
2012.02.16 19:07:16.756,1.29181,1.29214,2.25,1.50
2012.02.16 19:07:16.950,1.2919,1.29215,1.50,1.50
2012.02.16 19:07:17.019,1.29193,1.29221,1.50,1.50
2012.02.16 19:07:17.148,1.29194,1.29222,1.50,1.50
2012.02.16 19:07:17.339,1.29198,1.29229,1.50,1.50
2012.02.16 19:07:17.529,1.29198,1.29232,1.50,1.50
2012.02.16 19:07:17.838,1.29197,1.29217,1.50,1.50
2012.02.16 19:07:18.505,1.29197,1.29218,1.50,1.50
2012.02.16 19:07:19.166,1.29197,1.29219,1.50,1.50
2012.02.16 19:07:20.952,1.29197,1.29221,1.50,1.50
2012.02.16 19:07:21.019,1.29197,1.29226,1.50,1.50
2012.02.16 19:07:21.156,1.29198,1.29226,1.50,1.50
2012.02.16 19:07:21.493,1.29198,1.29223,1.50,1.50
2012.02.16 19:07:22.243,1.29198,1.29223,1.50,1.50
2012.02.16 19:07:22.325,1.29198,1.29226,1.50,1.50
2012.02.16 19:07:22.411,1.29198,1.2923,1.50,1.50
2012.02.16 19:07:22.543,1.29198,1.29232,1.50,1.50
2012.02.16 19:07:22.613,1.29198,1.2923,1.50,1.50
2012.02.16 19:07:22.940,1.29198,1.29228,1.50,1.50
2012.02.16 19:07:23.196,1.29198,1.2923,1.50,1.50
2012.02.16 19:07:23.272,1.29198,1.2923,1.50,1.50
2012.02.16 19:07:23.342,1.29198,1.29232,1.50,1.50
2012.02.16 19:07:23.697,1.29198,1.29232,1.50,1.50
2012.02.16 19:07:24.137,1.29198,1.2923,1.50,3.00
2012.02.16 19:07:24.490,1.29198,1.29224,1.50,3.00
2012.02.16 19:07:24.901,1.29198,1.2922,1.50,1.50
2012.02.16 19:07:25.240,1.29195,1.29219,1.50,1.50
2012.02.16 19:07:25.309,1.29195,1.29216,1.50,1.50
2012.02.16 19:07:25.501,1.29195,1.29216,2.25,1.50
2012.02.16 19:07:25.651,1.29198,1.29218,1.50,1.50
2012.02.16 19:07:25.819,1.29198,1.2922,1.50,1.50
2012.02.16 19:07:26.445,1.29198,1.29215,1.50,1.50
2012.02.16 19:07:27.079,1.29198,1.29216,1.50,1.50
2012.02.16 19:07:27.151,1.29183,1.29216,1.50,1.50
2012.02.16 19:07:27.293,1.29183,1.29218,1.50,1.50
2012.02.16 19:07:27.422,1.29181,1.29216,1.50,1.50
2012.02.16 19:07:28.714,1.29181,1.29216,1.50,1.50
2012.02.16 19:07:29.316,1.29188,1.29217,1.50,1.50
2012.02.16 19:07:29.934,1.29188,1.29216,1.50,1.50
2012.02.16 19:07:30.498,1.29188,1.29216,1.50,1.50
2012.02.16 19:07:31.091,1.29188,1.29217,1.50,1.50
2012.02.16 19:07:31.420,1.29188,1.29213,1.50,1.50
2012.02.16 19:07:31.915,1.29188,1.29215,1.50,1.50
2012.02.16 19:07:32.004,1.29188,1.29226,1.50,1.50
2012.02.16 19:07:32.081,1.29187,1.29223,1.50,1.50
2012.02.16 19:07:32.295,1.29182,1.2922,1.50,1.50
2012.02.16 19:07:32.373,1.29182,1.29215,1.50,1.50
2012.02.16 19:07:32.677,1.29179,1.29211,1.50,1.50
2012.02.16 19:07:32.810,1.29179,1.29213,2.25,1.50
2012.02.16 19:07:32.880,1.29179,1.29215,1.50,3.00
2012.02.16 19:07:33.768,1.29177,1.29212,1.50,1.50
2012.02.16 19:07:34.435,1.29196,1.29225,1.50,1.50
2012.02.16 19:07:34.611,1.29196,1.29222,1.50,1.50
2012.02.16 19:07:34.679,1.29194,1.29222,1.50,1.50
2012.02.16 19:07:34.749,1.29194,1.29215,1.50,1.50
2012.02.16 19:07:35.267,1.29194,1.29214,1.50,1.50
2012.02.16 19:07:35.339,1.29194,1.29218,1.50,1.50
2012.02.16 19:07:35.469,1.29182,1.29211,2.25,1.50
2012.02.16 19:07:35.539,1.29182,1.29211,2.25,1.50
2012.02.16 19:07:35.860,1.29181,1.29207,1.50,1.50
2012.02.16 19:07:36.359,1.29181,1.2921,1.50,1.50
2012.02.16 19:07:36.620,1.29181,1.2921,1.50,1.50
2012.02.16 19:07:37.204,1.29177,1.29211,1.50,1.50
2012.02.16 19:07:37.280,1.29177,1.29208,1.50,1.50
2012.02.16 19:07:37.833,1.29178,1.29208,1.50,1.50
2012.02.16 19:07:37.969,1.29178,1.29208,1.50,1.50
2012.02.16 19:07:38.172,1.29178,1.2921,1.50,1.50
2012.02.16 19:07:38.858,1.29177,1.29209,1.50,1.50
2012.02.16 19:07:39.757,1.29175,1.2921,1.50,3.00
2012.02.16 19:07:39.834,1.29175,1.29208,1.50,1.50
2012.02.16 19:07:40.352,1.29186,1.29209,1.50,1.50
2012.02.16 19:07:40.494,1.29187,1.29222,1.50,1.50
2012.02.16 19:07:40.645,1.29187,1.29224,1.50,1.50
2012.02.16 19:07:41.149,1.29186,1.29223,1.50,1.50
2012.02.16 19:07:41.467,1.29186,1.29218,1.50,1.50
2012.02.16 19:07:41.972,1.29186,1.29218,1.50,1.50
2012.02.16 19:07:42.052,1.29194,1.29224,1.50,1.50
2012.02.16 19:07:42.189,1.29194,1.29224,1.50,1.50
2012.02.16 19:07:42.531,1.29186,1.29212,1.50,1.50
2012.02.16 19:07:42.602,1.29186,1.29212,1.50,1.50
2012.02.16 19:07:42.669,1.29186,1.29215,1.50,1.50
2012.02.16 19:07:42.939,1.29179,1.29221,1.50,2.25
2012.02.16 19:07:43.259,1.29187,1.29224,1.50,1.88
2012.02.16 19:07:43.523,1.29196,1.29224,2.25,1.50
2012.02.16 19:07:43.891,1.29196,1.29222,2.25,1.50
2012.02.16 19:07:44.676,1.29196,1.29219,2.25,1.50
2012.02.16 19:07:49.335,1.29198,1.29219,1.50,1.50
2012.02.16 19:07:49.563,1.29196,1.29222,2.25,1.50
2012.02.16 19:07:49.751,1.29196,1.29217,2.25,1.50
2012.02.16 19:07:50.129,1.29196,1.29214,1.50,1.50
2012.02.16 19:07:50.261,1.29196,1.29218,1.50,1.50
2012.02.16 19:07:50.400,1.29188,1.29218,1.50,1.50
2012.02.16 19:07:50.600,1.29187,1.29218,1.50,1.50
2012.02.16 19:07:51.657,1.29193,1.29219,1.50,1.50
2012.02.16 19:07:52.007,1.29193,1.29217,1.50,1.50
2012.02.16 19:07:53.347,1.29193,1.29218,1.50,1.50
2012.02.16 19:07:53.686,1.29193,1.29215,1.50,1.50
2012.02.16 19:07:53.760,1.29193,1.29217,1.50,1.50
2012.02.16 19:07:54.519,1.29193,1.29218,1.50,1.50
2012.02.16 19:07:56.420,1.29193,1.29219,1.50,3.00
2012.02.16 19:07:56.977,1.29193,1.29218,1.50,1.50
2012.02.16 19:07:58.229,1.29193,1.29218,1.50,1.50
2012.02.16 19:08:00.384,1.29193,1.29219,1.50,1.50
2012.02.16 19:08:07.215,1.29193,1.2922,1.50,1.50
2012.02.16 19:08:07.800,1.29193,1.29219,1.50,1.50
2012.02.16 19:08:07.867,1.29193,1.29219,1.50,1.50
2012.02.16 19:08:08.445,1.29191,1.29218,1.50,1.50
2012.02.16 19:08:08.592,1.29192,1.29215,1.50,1.50
2012.02.16 19:08:09.168,1.29187,1.29216,1.50,1.50
2012.02.16 19:08:09.400,1.29187,1.29219,1.50,1.50
2012.02.16 19:08:09.469,1.29187,1.29217,1.50,1.50
2012.02.16 19:08:10.330,1.29185,1.2921,2.25,1.50
2012.02.16 19:08:10.402,1.29176,1.2921,1.50,1.50
2012.02.16 19:08:10.534,1.29176,1.29208,1.50,1.50
2012.02.16 19:08:10.611,1.29176,1.2921,1.50,3.00
2012.02.16 19:08:10.809,1.29176,1.29213,1.50,1.50
2012.02.16 19:08:10.883,1.29176,1.29211,1.50,1.50
2012.02.16 19:08:11.963,1.29176,1.29212,1.50,1.50
2012.02.16 19:08:12.142,1.29176,1.29214,1.50,1.50
2012.02.16 19:08:12.651,1.29172,1.29217,3.00,1.50
2012.02.16 19:08:12.812,1.29174,1.29217,1.50,1.50
2012.02.16 19:08:13.246,1.29174,1.29214,1.50,1.50
2012.02.16 19:08:14.399,1.29174,1.29214,1.50,1.50
2012.02.16 19:08:14.917,1.29174,1.29215,1.50,1.50
2012.02.16 19:08:14.987,1.29174,1.29215,1.50,1.50
2012.02.16 19:08:15.500,1.29174,1.29214,1.50,1.50
2012.02.16 19:08:17.233,1.29174,1.29212,1.50,1.50
2012.02.16 19:08:17.759,1.29175,1.29212,1.50,1.50
2012.02.16 19:08:18.137,1.29175,1.29213,1.50,1.50
2012.02.16 19:08:18.222,1.29175,1.29213,1.50,1.50
2012.02.16 19:08:18.736,1.29175,1.29213,1.50,1.50
2012.02.16 19:08:19.310,1.29176,1.29212,1.50,1.50
2012.02.16 19:08:19.965,1.29179,1.29211,1.50,1.50
2012.02.16 19:08:20.678,1.29179,1.29211,1.50,1.50
2012.02.16 19:08:21.402,1.29176,1.29208,1.50,1.50
2012.02.16 19:08:21.475,1.29176,1.29211,1.50,1.50
2012.02.16 19:08:21.882,1.29173,1.29207,1.50,1.50
2012.02.16 19:08:22.465,1.29173,1.29209,1.50,1.50
2012.02.16 19:08:23.132,1.29173,1.29208,1.50,1.50
2012.02.16 19:08:23.210,1.29173,1.29208,1.50,1.50
2012.02.16 19:08:23.453,1.29173,1.29209,1.50,1.50
2012.02.16 19:08:24.332,1.29173,1.29211,1.50,1.50
2012.02.16 19:08:24.581,1.29176,1.29213,1.50,1.73
2012.02.16 19:08:24.839,1.29176,1.29213,1.50,1.73
2012.02.16 19:08:25.526,1.29172,1.29214,1.50,1.50
2012.02.16 19:08:25.868,1.29176,1.29214,1.50,1.50
2012.02.16 19:08:26.208,1.29176,1.29212,1.50,1.50
2012.02.16 19:08:26.861,1.29173,1.29209,1.50,1.50
2012.02.16 19:08:27.052,1.29167,1.29205,3.00,2.25
2012.02.16 19:08:27.260,1.29166,1.29202,1.50,2.48
2012.02.16 19:08:27.589,1.29171,1.29203,2.25,2.48
2012.02.16 19:08:28.104,1.29173,1.29216,2.25,2.25
2012.02.16 19:08:28.182,1.29176,1.29217,1.50,2.25
2012.02.16 19:08:30.190,1.29176,1.29215,1.50,1.50
2012.02.16 19:08:33.573,1.29176,1.29213,1.50,1.50
2012.02.16 19:08:33.700,1.29176,1.29215,1.50,1.50
2012.02.16 19:08:34.058,1.29176,1.29213,1.50,1.50
2012.02.16 19:08:34.408,1.29176,1.29211,1.50,1.50
2012.02.16 19:08:34.874,1.29176,1.29214,1.50,1.50
2012.02.16 19:08:34.937,1.29176,1.29211,1.50,1.50
2012.02.16 19:08:35.546,1.29176,1.2921,1.50,3.00
2012.02.16 19:08:36.248,1.29176,1.29211,1.50,1.50
2012.02.16 19:08:37.283,1.29176,1.29205,1.50,1.50
2012.02.16 19:08:37.412,1.29174,1.29205,1.50,1.50
2012.02.16 19:08:38.027,1.29177,1.29207,1.50,1.50
2012.02.16 19:08:38.105,1.29177,1.29214,1.50,1.50
2012.02.16 19:08:38.181,1.29177,1.29213,1.50,1.50
2012.02.16 19:08:38.779,1.29175,1.29211,1.50,1.50
2012.02.16 19:08:39.391,1.29175,1.29211,1.50,1.50
2012.02.16 19:08:39.909,1.29175,1.29212,1.50,1.50
2012.02.16 19:08:40.451,1.29175,1.2921,1.50,1.50
2012.02.16 19:08:42.776,1.29175,1.29211,1.50,1.50
2012.02.16 19:08:43.440,1.29175,1.29212,1.50,1.50
2012.02.16 19:08:47.809,1.29175,1.29213,1.50,1.50
2012.02.16 19:08:48.387,1.29177,1.29213,1.50,1.50
2012.02.16 19:08:49.166,1.29177,1.29211,1.50,1.50
2012.02.16 19:08:50.148,1.29175,1.29211,1.50,1.50
2012.02.16 19:08:50.364,1.29175,1.29211,1.50,1.50
2012.02.16 19:08:50.990,1.29175,1.29213,1.50,1.50
2012.02.16 19:08:51.361,1.29175,1.29213,1.50,1.50
2012.02.16 19:08:51.819,1.29178,1.29212,1.50,1.50
2012.02.16 19:08:51.946,1.29178,1.29212,1.50,1.50
2012.02.16 19:08:52.571,1.29178,1.29214,1.50,1.50
2012.02.16 19:08:52.771,1.29178,1.29216,1.50,3.00
2012.02.16 19:08:52.912,1.29178,1.29211,1.50,1.50
2012.02.16 19:08:53.366,1.29178,1.29213,1.50,1.50
2012.02.16 19:08:53.761,1.29178,1.29215,1.50,1.50
2012.02.16 19:08:54.402,1.29178,1.29214,1.50,1.50
2012.02.16 19:08:54.734,1.29178,1.29212,1.50,1.50
2012.02.16 19:08:55.387,1.29169,1.29196,1.50,2.25
2012.02.16 19:08:55.469,1.29152,1.29195,1.50,1.50
2012.02.16 19:08:55.602,1.29151,1.29195,1.50,1.50
2012.02.16 19:08:55.836,1.29152,1.29195,1.50,2.25
2012.02.16 19:08:56.341,1.29153,1.29196,1.50,1.50
2012.02.16 19:08:56.446,1.29153,1.29196,1.50,1.50
2012.02.16 19:08:57.186,1.2915,1.29196,2.25,1.50
2012.02.16 19:08:57.900,1.29151,1.29194,1.50,1.50
2012.02.16 19:08:58.227,1.29151,1.29194,1.50,1.50
2012.02.16 19:08:58.407,1.29151,1.29194,1.50,1.50
2012.02.16 19:09:00.362,1.29151,1.29192,1.50,2.25
2012.02.16 19:09:01.206,1.29151,1.2919,1.50,2.25
2012.02.16 19:09:01.537,1.29149,1.29192,1.50,1.50
2012.02.16 19:09:01.779,1.29151,1.29194,1.50,1.50
2012.02.16 19:09:02.142,1.29151,1.29192,1.50,2.25
2012.02.16 19:09:02.772,1.29151,1.29192,1.50,1.50
2012.02.16 19:09:03.319,1.29151,1.29192,1.50,2.25
2012.02.16 19:09:03.990,1.29151,1.29192,1.50,1.50
2012.02.16 19:09:04.296,1.29151,1.29193,1.50,1.50
2012.02.16 19:09:05.510,1.29151,1.29191,1.50,3.75
2012.02.16 19:09:06.118,1.29151,1.29189,1.50,1.50
2012.02.16 19:09:06.441,1.29151,1.29192,1.50,2.25
2012.02.16 19:09:06.947,1.29151,1.29192,1.50,2.25
2012.02.16 19:09:07.170,1.29151,1.29192,1.50,1.50
2012.02.16 19:09:07.429,1.29155,1.29199,2.25,2.25
2012.02.16 19:09:07.498,1.2916,1.29201,2.25,2.25
2012.02.16 19:09:07.569,1.29164,1.29203,1.50,2.25
2012.02.16 19:09:08.179,1.29166,1.29203,1.50,1.50
2012.02.16 19:09:08.248,1.29164,1.29205,1.50,1.50
2012.02.16 19:09:08.935,1.29166,1.29203,1.50,1.50
2012.02.16 19:09:09.016,1.29166,1.29203,1.50,1.50
2012.02.16 19:09:10.393,1.29166,1.29203,1.50,1.50
2012.02.16 19:09:10.987,1.29166,1.29203,1.50,1.50
2012.02.16 19:09:11.240,1.29166,1.29202,1.50,1.50
2012.02.16 19:09:11.837,1.29166,1.29204,1.50,1.50
2012.02.16 19:09:12.151,1.29166,1.29204,1.50,1.50
2012.02.16 19:09:12.471,1.29164,1.29201,1.50,1.50
2012.02.16 19:09:12.916,1.29164,1.29201,1.50,1.50
2012.02.16 19:09:12.991,1.29164,1.29201,1.50,1.50
2012.02.16 19:09:13.239,1.29164,1.29203,1.50,1.50
2012.02.16 19:09:13.884,1.29164,1.29203,1.50,1.50
2012.02.16 19:09:14.327,1.29164,1.29203,1.50,1.50
2012.02.16 19:09:14.848,1.29164,1.29202,1.50,1.50
2012.02.16 19:09:18.968,1.29164,1.29202,1.50,1.50
2012.02.16 19:09:19.587,1.29162,1.29202,1.50,1.50
2012.02.16 19:09:19.938,1.29164,1.29203,1.50,1.50
2012.02.16 19:09:23.547,1.29164,1.29201,1.50,1.50
2012.02.16 19:09:23.739,1.29179,1.29216,1.50,2.25
2012.02.16 19:09:23.870,1.29179,1.29216,1.50,1.50
2012.02.16 19:09:24.240,1.29176,1.29215,1.50,1.50
2012.02.16 19:09:24.891,1.29176,1.29217,1.50,2.25
2012.02.16 19:09:25.141,1.29179,1.29217,1.50,2.25
2012.02.16 19:09:25.452,1.29181,1.29226,2.25,2.25
2012.02.16 19:09:25.517,1.29182,1.29226,1.50,2.25
2012.02.16 19:09:27.548,1.29182,1.29221,1.50,1.50
2012.02.16 19:09:32.030,1.29178,1.29221,3.00,2.25
2012.02.16 19:09:32.567,1.29183,1.29225,1.50,3.75
2012.02.16 19:09:32.710,1.29182,1.29225,1.50,2.25
2012.02.16 19:09:33.376,1.29185,1.29229,1.50,1.13
2012.02.16 19:09:33.518,1.29187,1.29229,1.50,1.13
2012.02.16 19:09:33.724,1.29185,1.29224,1.50,1.50
2012.02.16 19:09:33.967,1.29177,1.29222,3.00,2.25
2012.02.16 19:09:34.162,1.29177,1.29217,1.50,1.50
2012.02.16 19:09:34.707,1.29178,1.29215,1.50,1.50
2012.02.16 19:09:34.973,1.29178,1.29218,1.50,2.25
2012.02.16 19:09:39.828,1.29178,1.29221,2.25,2.25
2012.02.16 19:09:40.338,1.29179,1.29222,1.50,2.25
2012.02.16 19:09:40.479,1.2918,1.29225,2.25,2.25
2012.02.16 19:09:41.253,1.29181,1.29223,1.50,2.25
2012.02.16 19:09:41.777,1.29179,1.29222,2.25,2.25
2012.02.16 19:09:42.287,1.2918,1.29222,1.50,2.25
2012.02.16 19:09:42.493,1.29177,1.29219,1.50,1.50
2012.02.16 19:09:42.800,1.29176,1.29219,3.00,2.25
2012.02.16 19:09:44.369,1.29178,1.29223,1.50,2.25
2012.02.16 19:09:44.905,1.29176,1.2922,1.50,2.25
2012.02.16 19:09:47.563,1.29175,1.29217,2.25,2.25
2012.02.16 19:09:48.076,1.29172,1.29217,1.50,1.50
2012.02.16 19:09:49.130,1.29175,1.29217,1.50,2.25
2012.02.16 19:09:49.199,1.29173,1.29218,1.50,2.25
2012.02.16 19:09:49.393,1.29177,1.29221,1.50,2.25
2012.02.16 19:09:49.642,1.29178,1.29221,2.25,2.25
2012.02.16 19:09:49.711,1.29175,1.29221,1.50,1.50
2012.02.16 19:09:49.900,1.29175,1.29219,1.50,3.00
2012.02.16 19:09:50.543,1.29171,1.29214,1.50,1.50
2012.02.16 19:09:50.679,1.29174,1.29218,1.50,2.25
2012.02.16 19:09:50.949,1.29171,1.29219,3.00,1.50
2012.02.16 19:09:51.139,1.29171,1.29217,3.00,1.50
2012.02.16 19:09:53.628,1.29173,1.29217,2.25,1.50
2012.02.16 19:09:53.880,1.29174,1.29219,2.25,1.50
2012.02.16 19:09:53.948,1.29174,1.29219,2.25,2.25
2012.02.16 19:09:54.317,1.29173,1.29219,1.50,2.25
2012.02.16 19:09:55.120,1.29172,1.29218,2.25,2.25
2012.02.16 19:09:55.440,1.29174,1.29217,1.50,1.50
2012.02.16 19:09:55.643,1.29177,1.29219,3.00,2.25
2012.02.16 19:09:55.969,1.29177,1.2922,2.25,2.25
2012.02.16 19:09:56.221,1.29177,1.2922,1.50,3.00
2012.02.16 19:09:56.762,1.29177,1.2922,2.25,1.50
2012.02.16 19:09:56.959,1.29176,1.29217,1.50,1.50
2012.02.16 19:09:57.030,1.29176,1.29219,1.50,1.50
2012.02.16 19:09:57.245,1.29174,1.29219,2.25,2.25
2012.02.16 19:09:57.321,1.29172,1.29216,1.50,1.50
2012.02.16 19:09:57.849,1.29173,1.29218,3.75,2.25
2012.02.16 19:10:00.888,1.29174,1.29216,2.25,1.50
2012.02.16 19:10:01.141,1.29172,1.29217,2.25,2.25
2012.02.16 19:10:02.044,1.29176,1.29219,1.50,1.50
2012.02.16 19:10:03.538,1.29176,1.29216,1.50,2.25
2012.02.16 19:10:03.870,1.29176,1.29216,1.50,1.50
2012.02.16 19:10:03.938,1.29176,1.29216,1.50,2.25
2012.02.16 19:10:04.306,1.29176,1.29215,1.50,2.25
2012.02.16 19:10:06.213,1.29172,1.29217,2.25,2.25
2012.02.16 19:10:06.410,1.29176,1.29219,3.00,1.50
2012.02.16 19:10:06.677,1.29173,1.29218,2.25,2.25
2012.02.16 19:10:07.011,1.29174,1.2922,2.25,1.50
2012.02.16 19:10:07.201,1.29174,1.2922,2.25,1.50
2012.02.16 19:10:07.334,1.29172,1.29215,1.50,1.50
2012.02.16 19:10:07.794,1.29172,1.29213,1.50,1.50
2012.02.16 19:10:07.870,1.29172,1.29214,1.50,1.50
2012.02.16 19:10:08.641,1.29177,1.29214,1.50,1.50
2012.02.16 19:10:08.851,1.29171,1.29216,2.25,3.75
2012.02.16 19:10:08.920,1.29166,1.29209,1.50,1.50
2012.02.16 19:10:09.253,1.29165,1.29204,1.13,1.50
2012.02.16 19:10:09.816,1.29161,1.29203,1.50,1.50
2012.02.16 19:10:09.901,1.29161,1.29205,1.50,1.50
2012.02.16 19:10:10.301,1.29161,1.29203,1.50,2.25
2012.02.16 19:10:10.610,1.29161,1.29201,1.50,1.50
2012.02.16 19:10:10.941,1.29161,1.29204,3.00,2.25
2012.02.16 19:10:14.348,1.29161,1.29202,1.50,1.50
2012.02.16 19:10:14.870,1.29161,1.29204,1.50,3.75
2012.02.16 19:10:15.497,1.29161,1.29204,1.50,1.50
2012.02.16 19:10:16.250,1.29161,1.29204,1.50,1.50
2012.02.16 19:10:16.869,1.29161,1.29204,1.50,1.50
2012.02.16 19:10:16.941,1.29161,1.29204,1.50,1.50
2012.02.16 19:10:17.501,1.29162,1.29201,1.50,1.50
2012.02.16 19:10:17.808,1.2916,1.292,1.50,2.25
2012.02.16 19:10:17.940,1.29162,1.29203,3.00,2.25
2012.02.16 19:10:18.013,1.29167,1.29211,1.50,3.75
2012.02.16 19:10:18.252,1.29165,1.2921,1.50,2.25
2012.02.16 19:10:18.815,1.29163,1.29206,2.25,2.25
2012.02.16 19:10:19.073,1.29163,1.29206,1.50,2.25
2012.02.16 19:10:19.450,1.29165,1.29209,1.50,2.25
2012.02.16 19:10:19.519,1.29167,1.2921,1.50,2.25
2012.02.16 19:10:19.900,1.29165,1.29211,1.50,1.50
2012.02.16 19:10:20.103,1.29168,1.29211,1.50,2.25
2012.02.16 19:10:20.228,1.29168,1.29211,1.50,2.25
2012.02.16 19:10:21.175,1.29168,1.29211,1.50,2.25
2012.02.16 19:10:21.261,1.29168,1.29211,1.50,1.50
2012.02.16 19:10:21.329,1.29165,1.29209,2.25,1.50
2012.02.16 19:10:21.699,1.29168,1.29211,1.50,2.25
2012.02.16 19:10:22.167,1.2917,1.29212,1.50,2.25
2012.02.16 19:10:22.352,1.29168,1.29214,2.25,2.25
2012.02.16 19:10:22.684,1.29168,1.29214,3.00,2.25
2012.02.16 19:10:22.991,1.29181,1.29211,1.50,1.50
2012.02.16 19:10:23.061,1.29185,1.29214,1.50,1.50
2012.02.16 19:10:23.568,1.29185,1.29215,1.50,3.75
2012.02.16 19:10:24.402,1.29185,1.29216,1.50,1.50
2012.02.16 19:10:24.534,1.29185,1.29214,1.50,1.50
2012.02.16 19:10:24.664,1.29175,1.2921,1.50,1.50
2012.02.16 19:10:24.977,1.29183,1.29213,1.50,1.50
2012.02.16 19:10:25.108,1.29184,1.29218,1.50,3.75
2012.02.16 19:10:25.678,1.29184,1.29219,1.50,2.25
2012.02.16 19:10:26.635,1.29184,1.29219,1.50,2.25
2012.02.16 19:10:26.949,1.29183,1.29212,1.50,1.50
2012.02.16 19:10:27.495,1.29182,1.2921,1.50,1.50
2012.02.16 19:10:27.577,1.29181,1.2921,1.50,1.50
2012.02.16 19:10:27.710,1.29179,1.29213,1.50,1.50
2012.02.16 19:10:27.972,1.29179,1.29214,1.50,1.50
2012.02.16 19:10:28.282,1.29176,1.29209,1.50,1.50
2012.02.16 19:10:28.419,1.29176,1.29209,1.50,1.50
2012.02.16 19:10:28.551,1.29176,1.29212,1.50,1.50
2012.02.16 19:10:28.868,1.2917,1.29212,2.25,1.50
2012.02.16 19:10:28.937,1.29172,1.29215,1.50,1.50
2012.02.16 19:10:29.011,1.29176,1.29213,1.50,1.50
2012.02.16 19:10:29.152,1.29177,1.29214,1.50,1.50
2012.02.16 19:10:29.686,1.29177,1.29213,1.50,1.50
2012.02.16 19:10:29.765,1.29178,1.29216,1.50,1.50
2012.02.16 19:10:29.959,1.29177,1.29213,1.50,1.50
2012.02.16 19:10:33.427,1.29178,1.29212,1.50,1.50
2012.02.16 19:10:34.101,1.29178,1.29213,1.50,3.00
2012.02.16 19:10:35.017,1.29178,1.29212,1.50,1.50
2012.02.16 19:10:38.046,1.29178,1.29213,1.50,1.50
2012.02.16 19:10:38.384,1.29178,1.29211,1.50,1.50
2012.02.16 19:10:39.170,1.29177,1.292,1.50,1.50
2012.02.16 19:10:39.254,1.29177,1.29201,1.50,1.50
2012.02.16 19:10:39.322,1.29177,1.29203,1.50,1.50
2012.02.16 19:10:40.243,1.29177,1.29204,1.50,1.50
2012.02.16 19:10:40.369,1.29177,1.29205,1.50,1.50
2012.02.16 19:10:41.011,1.29177,1.29204,1.50,1.50
2012.02.16 19:10:41.574,1.29177,1.29203,1.50,1.50
2012.02.16 19:10:45.739,1.29175,1.29207,1.50,1.50
2012.02.16 19:10:46.330,1.29177,1.29208,1.50,1.50
2012.02.16 19:10:46.409,1.29174,1.29211,1.50,1.50
2012.02.16 19:10:46.631,1.29175,1.29209,1.50,1.50
2012.02.16 19:10:46.707,1.29175,1.29209,1.50,1.50
2012.02.16 19:10:46.781,1.29175,1.29209,1.50,1.50
2012.02.16 19:10:47.091,1.29175,1.29211,1.50,1.50
2012.02.16 19:10:47.487,1.29175,1.29211,1.50,1.50
2012.02.16 19:10:49.167,1.29175,1.29212,1.50,1.50
2012.02.16 19:10:50.141,1.29175,1.2921,1.50,1.50
2012.02.16 19:10:51.420,1.29175,1.29208,1.50,1.50
2012.02.16 19:10:51.794,1.29175,1.29208,1.50,1.50
2012.02.16 19:10:52.066,1.29172,1.29208,1.50,3.75
2012.02.16 19:10:52.589,1.29171,1.29206,1.50,1.50
2012.02.16 19:10:53.129,1.29171,1.29206,1.50,2.25
2012.02.16 19:10:54.077,1.29167,1.29206,1.50,2.25
2012.02.16 19:10:56.857,1.29171,1.29204,1.50,1.50
2012.02.16 19:10:57.070,1.2917,1.29209,1.50,1.50
2012.02.16 19:10:57.142,1.2917,1.29206,1.50,1.50
2012.02.16 19:10:57.209,1.29161,1.29208,3.00,3.00
2012.02.16 19:10:57.278,1.29162,1.29208,2.25,1.50
2012.02.16 19:10:57.409,1.29161,1.29204,1.50,1.50
2012.02.16 19:10:57.913,1.29161,1.29204,1.50,3.00
2012.02.16 19:10:58.016,1.29165,1.29206,2.25,2.25
2012.02.16 19:10:59.203,1.29166,1.29209,1.50,2.25
2012.02.16 19:10:59.813,1.29165,1.29211,2.25,1.50
2012.02.16 19:11:00.393,1.29163,1.29207,1.50,2.25
2012.02.16 19:11:01.344,1.29163,1.29203,1.50,1.50
2012.02.16 19:11:01.499,1.29163,1.29203,1.50,1.50
2012.02.16 19:11:01.881,1.29161,1.29206,2.25,2.25
2012.02.16 19:11:03.102,1.2916,1.29201,1.50,2.25
2012.02.16 19:11:03.371,1.2916,1.29201,1.50,2.25
2012.02.16 19:11:03.592,1.2916,1.29203,1.50,2.25
2012.02.16 19:11:03.971,1.2916,1.29203,1.50,2.25
2012.02.16 19:11:04.603,1.29163,1.29203,1.50,1.50
2012.02.16 19:11:04.678,1.29162,1.29203,1.50,2.25
2012.02.16 19:11:05.027,1.29163,1.29205,2.25,2.25
2012.02.16 19:11:05.637,1.29167,1.29205,1.50,1.50
2012.02.16 19:11:06.147,1.29165,1.29209,1.50,2.25
2012.02.16 19:11:06.492,1.29168,1.29209,1.50,2.25
2012.02.16 19:11:07.752,1.29171,1.29215,1.50,2.25
2012.02.16 19:11:07.962,1.29171,1.29215,1.50,1.50
2012.02.16 19:11:08.481,1.29177,1.29217,1.50,2.25
2012.02.16 19:11:08.813,1.29177,1.29218,1.50,1.50
2012.02.16 19:11:09.129,1.29171,1.29213,1.50,1.50
2012.02.16 19:11:09.649,1.29176,1.29221,2.25,2.25
2012.02.16 19:11:09.724,1.29176,1.29221,3.00,1.50
2012.02.16 19:11:10.000,1.29176,1.2922,1.50,1.50
2012.02.16 19:11:10.128,1.29176,1.2922,1.50,2.25
2012.02.16 19:11:10.517,1.29176,1.29219,1.50,1.50
2012.02.16 19:11:10.840,1.29176,1.29216,1.50,1.50
2012.02.16 19:11:10.970,1.29173,1.29218,3.00,3.00
2012.02.16 19:11:11.621,1.29176,1.2922,2.25,1.50
2012.02.16 19:11:11.700,1.29176,1.29215,1.50,1.50
2012.02.16 19:11:11.773,1.29176,1.29217,1.50,1.50
2012.02.16 19:11:12.405,1.29176,1.29218,2.25,1.50
2012.02.16 19:11:12.898,1.29176,1.29218,2.25,1.50
2012.02.16 19:11:13.439,1.29174,1.29217,2.25,1.50
2012.02.16 19:11:13.567,1.29175,1.29219,2.25,2.25
2012.02.16 19:11:14.255,1.29173,1.29219,3.00,2.25
2012.02.16 19:11:15.317,1.29176,1.29219,2.25,3.75
2012.02.16 19:11:17.224,1.29175,1.29217,2.25,1.50
2012.02.16 19:11:17.727,1.29177,1.2922,2.25,2.25
2012.02.16 19:11:21.808,1.2918,1.29223,1.50,1.50
2012.02.16 19:11:22.375,1.29179,1.29223,2.25,3.00
2012.02.16 19:11:26.940,1.29176,1.29218,2.25,2.48
2012.02.16 19:11:27.011,1.29176,1.29216,1.50,1.50
2012.02.16 19:11:27.527,1.29175,1.29219,2.25,2.25
2012.02.16 19:11:27.599,1.29178,1.29221,1.50,5.25
2012.02.16 19:11:27.809,1.29176,1.29221,1.50,3.75
2012.02.16 19:11:28.351,1.29177,1.29221,1.50,3.75
2012.02.16 19:11:28.936,1.29176,1.29221,1.50,3.75
2012.02.16 19:11:30.649,1.29177,1.29221,1.50,1.50
2012.02.16 19:11:30.779,1.29176,1.29221,2.25,3.00
2012.02.16 19:11:31.361,1.29179,1.29222,2.25,2.25
2012.02.16 19:11:31.691,1.29179,1.29222,3.00,1.50
2012.02.16 19:11:33.577,1.2918,1.29221,1.50,1.50
2012.02.16 19:11:33.897,1.29178,1.29222,1.50,1.50
2012.02.16 19:11:34.503,1.29179,1.29222,1.50,1.50
2012.02.16 19:11:35.735,1.29179,1.29222,1.50,1.50
2012.02.16 19:11:35.810,1.29177,1.29221,1.50,2.25
2012.02.16 19:11:36.299,1.29177,1.29222,1.50,3.00
2012.02.16 19:11:37.155,1.29176,1.29221,1.50,2.25
2012.02.16 19:11:37.711,1.29179,1.29221,1.50,1.50
2012.02.16 19:11:37.909,1.29176,1.29218,1.50,2.25
2012.02.16 19:11:37.978,1.29174,1.29216,1.50,2.25
2012.02.16 19:11:38.500,1.29175,1.29219,1.50,1.50
2012.02.16 19:11:38.574,1.29177,1.29219,1.50,1.50
2012.02.16 19:11:39.792,1.29178,1.29219,1.50,1.50
2012.02.16 19:11:42.016,1.29175,1.29212,3.00,2.48
2012.02.16 19:11:42.616,1.29178,1.29212,1.50,2.48
2012.02.16 19:11:43.919,1.29178,1.29206,1.50,1.73
2012.02.16 19:11:43.991,1.29175,1.29206,1.50,1.73
2012.02.16 19:11:45.912,1.29174,1.29206,1.50,1.73
2012.02.16 19:11:46.040,1.29176,1.29206,1.50,1.73
2012.02.16 19:11:46.168,1.29176,1.29212,1.50,2.48
2012.02.16 19:11:46.411,1.29176,1.29212,1.50,2.48
2012.02.16 19:11:46.701,1.29174,1.29212,1.50,2.48
2012.02.16 19:11:47.760,1.29174,1.29212,2.25,1.73
2012.02.16 19:11:47.831,1.29176,1.29218,1.50,2.48
2012.02.16 19:11:47.902,1.29178,1.29218,1.50,2.48
2012.02.16 19:11:48.621,1.29175,1.29218,1.50,2.48
2012.02.16 19:11:52.188,1.29177,1.29218,1.50,2.48
2012.02.16 19:11:52.377,1.29177,1.29218,2.25,2.48
2012.02.16 19:11:53.694,1.29176,1.29218,1.50,3.98
2012.02.16 19:11:56.116,1.29177,1.29218,1.50,2.48
2012.02.16 19:11:58.850,1.29176,1.29212,1.50,2.48
2012.02.16 19:11:59.038,1.29174,1.29212,1.50,2.48
2012.02.16 19:11:59.109,1.29177,1.29212,1.50,2.48
2012.02.16 19:11:59.501,1.29175,1.29212,1.50,2.48
2012.02.16 19:11:59.810,1.29172,1.29212,2.25,1.73
2012.02.16 19:11:59.881,1.29174,1.29213,1.50,2.48
2012.02.16 19:12:00.068,1.29177,1.29213,1.50,2.48
2012.02.16 19:12:00.259,1.29174,1.29213,1.50,2.48
2012.02.16 19:12:00.787,1.29175,1.29213,1.50,2.48
2012.02.16 19:12:01.338,1.29172,1.29213,3.75,2.48
2012.02.16 19:12:01.801,1.29168,1.29212,2.25,1.73
2012.02.16 19:12:02.125,1.29173,1.29212,1.50,2.48
2012.02.16 19:12:02.262,1.29171,1.29212,1.50,2.48
2012.02.16 19:12:03.009,1.2917,1.29212,1.50,2.48
2012.02.16 19:12:03.092,1.29169,1.29205,1.50,1.73
2012.02.16 19:12:03.635,1.29167,1.292,1.50,1.73
2012.02.16 19:12:03.782,1.29169,1.29206,1.50,2.48
2012.02.16 19:12:04.111,1.2917,1.292,1.50,1.73
2012.02.16 19:12:04.252,1.29168,1.292,3.00,1.73
2012.02.16 19:12:04.391,1.29168,1.29206,1.50,2.48
2012.02.16 19:12:05.263,1.2917,1.29206,1.50,2.48
2012.02.16 19:12:05.711,1.29168,1.29206,3.00,2.48
2012.02.16 19:12:06.147,1.29168,1.29206,1.50,1.73
2012.02.16 19:12:06.762,1.29167,1.29206,3.00,1.73
2012.02.16 19:12:07.081,1.2917,1.29206,2.25,1.73
2012.02.16 19:12:08.641,1.29169,1.29201,1.50,1.73
2012.02.16 19:12:09.498,1.29167,1.29201,3.00,1.73
2012.02.16 19:12:12.101,1.29169,1.29207,1.50,1.73
2012.02.16 19:12:12.852,1.29168,1.29207,1.50,1.73
2012.02.16 19:12:13.910,1.29167,1.29207,3.00,1.73
2012.02.16 19:12:14.098,1.29167,1.29201,1.50,1.73
2012.02.16 19:12:14.983,1.29167,1.29206,3.75,1.73
2012.02.16 19:12:15.051,1.29167,1.29206,3.75,1.73
2012.02.16 19:12:15.395,1.29171,1.29212,2.25,2.48
2012.02.16 19:12:17.278,1.29169,1.29212,2.25,2.48
2012.02.16 19:12:17.617,1.29171,1.29212,2.25,1.73
2012.02.16 19:12:19.197,1.29169,1.29212,1.50,2.48
2012.02.16 19:12:19.675,1.29169,1.29212,2.25,2.48
2012.02.16 19:12:20.339,1.29175,1.29212,1.50,2.48
2012.02.16 19:12:20.418,1.29172,1.29212,3.75,2.48
2012.02.16 19:12:23.717,1.29172,1.29212,1.50,2.48
2012.02.16 19:12:24.351,1.29173,1.29207,1.50,1.73
2012.02.16 19:12:24.857,1.29172,1.29207,1.50,1.73
2012.02.16 19:12:25.800,1.29172,1.29213,1.50,2.48
2012.02.16 19:12:26.373,1.29171,1.29213,2.25,2.48
2012.02.16 19:12:27.699,1.29171,1.29213,2.25,3.23
2012.02.16 19:12:27.826,1.29171,1.29212,2.25,1.73
2012.02.16 19:12:29.749,1.29171,1.29207,1.50,1.73
2012.02.16 19:12:29.937,1.29172,1.29213,1.50,2.48
2012.02.16 19:12:30.580,1.29171,1.29213,1.50,2.48
2012.02.16 19:12:31.234,1.29171,1.29213,2.25,2.48
2012.02.16 19:12:31.764,1.29174,1.29213,1.50,2.48
2012.02.16 19:12:32.069,1.29172,1.29212,1.50,1.73
2012.02.16 19:12:32.319,1.29169,1.29212,3.75,1.73
2012.02.16 19:12:32.627,1.29172,1.29212,1.50,1.73
2012.02.16 19:12:33.497,1.2917,1.29212,2.25,1.73
2012.02.16 19:12:33.748,1.29172,1.29207,1.50,1.73
2012.02.16 19:12:34.529,1.29173,1.29207,1.50,1.73
2012.02.16 19:12:37.318,1.29174,1.29212,1.50,2.48
2012.02.16 19:12:37.687,1.29174,1.29211,1.50,1.73
2012.02.16 19:12:37.937,1.29167,1.29211,2.25,1.73
2012.02.16 19:12:38.552,1.29173,1.29211,1.50,1.73
2012.02.16 19:12:39.178,1.29174,1.29211,1.50,1.73
2012.02.16 19:12:39.492,1.29172,1.29211,1.50,1.73
2012.02.16 19:12:40.119,1.29172,1.29213,1.50,2.48
2012.02.16 19:12:40.645,1.29173,1.29213,3.00,2.48
2012.02.16 19:12:41.979,1.29173,1.29212,1.50,1.73
2012.02.16 19:12:42.848,1.29172,1.29207,2.25,1.73
2012.02.16 19:12:43.451,1.29167,1.29207,3.75,1.73
2012.02.16 19:12:44.067,1.29166,1.29199,1.50,1.73
2012.02.16 19:12:44.578,1.29167,1.29201,1.50,1.73
2012.02.16 19:12:45.397,1.29168,1.29201,1.50,1.73
2012.02.16 19:12:45.662,1.29166,1.29201,3.00,1.73
2012.02.16 19:12:47.160,1.29168,1.29201,1.50,1.73
2012.02.16 19:12:47.226,1.29167,1.29201,1.50,1.73
2012.02.16 19:12:53.188,1.29166,1.29195,1.50,1.73
2012.02.16 19:12:54.749,1.29165,1.29195,1.50,1.73
2012.02.16 19:12:55.277,1.29163,1.29195,2.25,1.73
2012.02.16 19:12:57.288,1.29165,1.29195,1.50,1.73
2012.02.16 19:12:57.366,1.29165,1.29203,3.00,2.48
2012.02.16 19:12:57.441,1.29164,1.29203,2.25,2.48
2012.02.16 19:12:57.573,1.29163,1.29194,1.50,1.73
2012.02.16 19:13:00.118,1.29165,1.29194,1.50,1.73
2012.02.16 19:13:01.184,1.29166,1.29201,1.50,1.73
2012.02.16 19:13:11.714,1.29167,1.29206,1.50,1.73
2012.02.16 19:13:12.328,1.29166,1.29206,1.50,1.73
2012.02.16 19:13:13.301,1.29166,1.29204,1.50,1.50
2012.02.16 19:13:13.615,1.29166,1.29204,1.50,1.50
2012.02.16 19:13:16.367,1.29166,1.29206,3.00,1.73
2012.02.16 19:13:17.080,1.29166,1.29205,2.25,1.50
2012.02.16 19:13:18.553,1.29166,1.29205,1.50,3.23
2012.02.16 19:13:18.919,1.29165,1.29199,1.50,1.73
2012.02.16 19:13:22.111,1.29166,1.29194,2.25,1.73
2012.02.16 19:13:22.239,1.29166,1.29201,2.25,1.73
2012.02.16 19:13:26.398,1.29167,1.29207,2.25,2.48
2012.02.16 19:13:27.117,1.29169,1.29207,1.50,1.73
2012.02.16 19:13:27.392,1.29168,1.29207,1.50,1.73
2012.02.16 19:13:27.746,1.29172,1.2921,1.50,1.50
2012.02.16 19:13:28.093,1.29168,1.29207,1.50,1.50
2012.02.16 19:13:33.689,1.29176,1.29215,1.50,1.50
2012.02.16 19:13:33.820,1.29176,1.29216,1.50,1.50
2012.02.16 19:13:33.891,1.29176,1.29218,1.50,1.50
2012.02.16 19:13:34.448,1.29176,1.29216,1.50,1.50
2012.02.16 19:13:35.789,1.2917,1.29211,2.25,1.50
2012.02.16 19:13:35.858,1.29168,1.29211,1.50,3.23
2012.02.16 19:13:35.927,1.29168,1.29211,1.50,3.23
2012.02.16 19:13:36.782,1.29169,1.29211,2.25,1.73
2012.02.16 19:13:37.720,1.29168,1.29211,3.00,3.23
2012.02.16 19:13:38.342,1.29168,1.29211,3.00,3.98
2012.02.16 19:13:40.699,1.2917,1.29211,1.50,2.48
2012.02.16 19:13:41.295,1.29168,1.2921,1.50,2.25
2012.02.16 19:13:47.549,1.29168,1.29208,1.50,1.50
2012.02.16 19:13:48.208,1.29168,1.29209,1.50,1.50
2012.02.16 19:13:48.279,1.29168,1.29209,1.50,1.50
2012.02.16 19:13:49.041,1.29168,1.2921,1.50,2.25
2012.02.16 19:13:54.629,1.29168,1.2921,1.50,1.50
2012.02.16 19:13:55.376,1.29177,1.29211,1.50,1.73
2012.02.16 19:13:55.462,1.29172,1.29211,2.25,1.73
2012.02.16 19:13:55.797,1.29175,1.29211,2.25,1.73
2012.02.16 19:13:57.197,1.29174,1.29211,2.25,1.73
2012.02.16 19:13:57.392,1.29177,1.29216,2.25,1.73
2012.02.16 19:13:57.819,1.29176,1.29219,3.75,2.25
2012.02.16 19:13:57.947,1.29177,1.29222,2.25,4.73
2012.02.16 19:13:58.377,1.29178,1.29222,2.25,1.73
2012.02.16 19:13:58.628,1.29177,1.29222,2.25,2.25
2012.02.16 19:13:59.264,1.29177,1.2922,2.25,2.25
2012.02.16 19:14:01.218,1.29177,1.2922,2.25,1.50
2012.02.16 19:14:01.770,1.29177,1.29218,1.50,1.50
2012.02.16 19:14:02.448,1.29177,1.29219,3.00,1.50
2012.02.16 19:14:02.951,1.29176,1.29218,1.50,3.00
2012.02.16 19:14:03.139,1.29176,1.2922,1.50,1.50
2012.02.16 19:14:04.081,1.29178,1.29221,2.25,2.25
2012.02.16 19:14:04.158,1.29176,1.29219,2.25,1.50
2012.02.16 19:14:04.638,1.29176,1.29219,2.25,1.50
2012.02.16 19:14:05.160,1.29174,1.29218,2.25,1.50
2012.02.16 19:14:05.439,1.29176,1.29218,1.50,2.25
2012.02.16 19:14:06.260,1.29176,1.29219,1.50,2.25
2012.02.16 19:14:08.352,1.29179,1.29222,1.50,3.98
2012.02.16 19:14:08.841,1.29177,1.29222,2.25,3.98
2012.02.16 19:14:10.830,1.29177,1.29217,2.25,1.73
2012.02.16 19:14:11.228,1.29179,1.29217,2.25,1.73
2012.02.16 19:14:11.785,1.29177,1.29217,2.25,1.73
2012.02.16 19:14:13.267,1.29173,1.29217,2.25,1.73
2012.02.16 19:14:14.219,1.29174,1.29217,2.25,2.48
2012.02.16 19:14:14.298,1.29171,1.29216,3.00,1.50
2012.02.16 19:14:14.935,1.29174,1.29217,1.50,2.25
2012.02.16 19:14:15.473,1.29174,1.29218,2.25,2.25
2012.02.16 19:14:15.743,1.29177,1.29222,2.25,3.98
2012.02.16 19:14:15.943,1.29179,1.29222,3.00,3.98
2012.02.16 19:14:16.081,1.29179,1.29222,2.25,2.25
2012.02.16 19:14:16.214,1.29181,1.29224,1.50,2.25
2012.02.16 19:14:16.280,1.29181,1.29224,2.25,2.25
2012.02.16 19:14:16.700,1.29181,1.2922,1.50,1.50
2012.02.16 19:14:17.607,1.29179,1.29221,2.25,1.50
2012.02.16 19:14:21.190,1.29178,1.29223,2.25,1.50
2012.02.16 19:14:21.262,1.29178,1.29223,2.25,2.25
2012.02.16 19:14:21.451,1.29177,1.2922,3.00,1.50
2012.02.16 19:14:22.191,1.29181,1.29222,1.50,2.48
2012.02.16 19:14:22.985,1.29179,1.29222,3.75,3.98
2012.02.16 19:14:23.247,1.29182,1.29224,1.50,2.25
2012.02.16 19:14:23.390,1.29182,1.29225,2.25,2.25
2012.02.16 19:14:23.594,1.29182,1.29225,2.25,1.50
2012.02.16 19:14:23.715,1.29186,1.29227,2.25,1.50
2012.02.16 19:14:24.487,1.29182,1.29223,1.50,2.48
2012.02.16 19:14:24.776,1.29184,1.29225,2.25,2.25
2012.02.16 19:14:24.990,1.29184,1.29229,2.25,3.00
2012.02.16 19:14:25.412,1.29184,1.29227,2.25,2.25
2012.02.16 19:14:26.055,1.29182,1.29225,2.25,1.50
2012.02.16 19:14:26.687,1.29184,1.29227,2.25,2.25
2012.02.16 19:14:27.008,1.29177,1.2922,1.50,2.25
2012.02.16 19:14:27.960,1.29177,1.29217,3.00,1.73
2012.02.16 19:14:29.679,1.2918,1.29222,2.25,2.25
2012.02.16 19:14:29.754,1.29177,1.29221,3.00,1.50
2012.02.16 19:14:30.069,1.29177,1.29221,3.00,1.50
2012.02.16 19:14:31.184,1.29178,1.29222,2.25,3.00
2012.02.16 19:14:31.951,1.29178,1.29216,2.25,1.73
2012.02.16 19:14:33.719,1.29181,1.29216,1.50,1.73
2012.02.16 19:14:33.973,1.29181,1.29222,1.50,2.48
2012.02.16 19:14:35.623,1.2918,1.29221,1.50,2.25
2012.02.16 19:14:35.937,1.29177,1.29217,2.25,1.73
2012.02.16 19:14:37.019,1.29177,1.29217,1.50,2.48
2012.02.16 19:14:37.730,1.2918,1.29217,1.50,1.50
2012.02.16 19:14:37.979,1.2918,1.2922,1.50,1.50
2012.02.16 19:14:38.949,1.2918,1.29222,3.00,1.50
2012.02.16 19:14:39.096,1.29178,1.2922,2.25,1.50
2012.02.16 19:14:39.293,1.2918,1.2922,1.50,1.50
2012.02.16 19:14:39.772,1.29182,1.29222,1.50,2.25
2012.02.16 19:14:39.901,1.29182,1.29216,1.50,1.73
2012.02.16 19:14:42.137,1.29182,1.29221,1.50,1.50
2012.02.16 19:14:44.371,1.29182,1.29217,1.50,1.50
2012.02.16 19:14:44.440,1.29177,1.29216,2.25,1.73
2012.02.16 19:14:44.643,1.29176,1.2921,1.50,1.73
2012.02.16 19:14:45.277,1.29176,1.2921,2.25,1.73
2012.02.16 19:14:52.369,1.29175,1.2921,1.50,1.73
2012.02.16 19:14:52.866,1.29173,1.2921,2.25,1.73
2012.02.16 19:14:54.259,1.29175,1.2921,1.50,1.73
2012.02.16 19:14:54.813,1.29173,1.2921,2.25,1.73
2012.02.16 19:15:03.700,1.29171,1.2921,1.50,2.48
2012.02.16 19:15:05.980,1.29171,1.2921,1.50,2.48
2012.02.16 19:15:06.688,1.29171,1.2921,1.50,2.48
2012.02.16 19:15:19.747,1.29171,1.2921,1.50,2.48
2012.02.16 19:15:20.979,1.29171,1.2921,1.50,2.48
2012.02.16 19:15:22.196,1.29171,1.2921,1.50,2.48
2012.02.16 19:15:22.516,1.29171,1.2921,1.50,2.48
2012.02.16 19:15:33.293,1.29169,1.2921,1.50,2.48
2012.02.16 19:15:56.529,1.29171,1.2921,1.50,3.23
2012.02.16 19:15:57.326,1.29175,1.2921,1.50,3.23
2012.02.16 19:15:58.621,1.29175,1.2921,1.50,3.23
2012.02.16 19:16:01.426,1.29175,1.29208,1.50,1.50
2012.02.16 19:16:01.503,1.29175,1.2921,1.50,3.23
2012.02.16 19:16:01.837,1.29175,1.29206,1.50,1.50
2012.02.16 19:16:02.183,1.29167,1.29206,1.50,1.50
2012.02.16 19:16:02.257,1.29172,1.29206,1.50,3.23
2012.02.16 19:16:02.603,1.29177,1.29208,1.50,3.23
2012.02.16 19:16:03.242,1.29177,1.2921,1.50,1.50
2012.02.16 19:16:03.311,1.29177,1.29214,1.50,1.50
2012.02.16 19:16:03.381,1.29177,1.29213,1.50,1.50
2012.02.16 19:16:04.176,1.29177,1.29214,1.50,1.50
2012.02.16 19:16:05.339,1.29177,1.29215,1.50,1.50
2012.02.16 19:16:05.931,1.29177,1.29212,1.50,1.50
2012.02.16 19:16:06.681,1.29177,1.29209,1.50,1.50
2012.02.16 19:16:06.750,1.29177,1.29211,1.50,1.50
2012.02.16 19:16:06.818,1.29177,1.29209,1.50,1.50
2012.02.16 19:16:07.021,1.29177,1.29212,1.50,3.00
2012.02.16 19:16:07.879,1.29177,1.29213,1.50,1.50
2012.02.16 19:16:08.252,1.29177,1.29211,1.50,1.50
2012.02.16 19:16:09.637,1.29177,1.29197,1.50,1.50
2012.02.16 19:16:09.707,1.29168,1.29197,3.98,1.50
2012.02.16 19:16:11.431,1.29168,1.29197,3.98,1.13
2012.02.16 19:16:11.635,1.29168,1.29211,3.98,2.25
2012.02.16 19:16:11.729,1.29171,1.29211,1.50,1.50
2012.02.16 19:16:12.261,1.29171,1.29213,1.50,3.98
2012.02.16 19:16:12.328,1.29169,1.29213,3.00,3.98
2012.02.16 19:16:12.843,1.29172,1.29213,1.50,3.98
2012.02.16 19:16:17.941,1.29169,1.29208,1.50,2.48
2012.02.16 19:16:18.010,1.29168,1.29208,1.50,2.48
2012.02.16 19:16:18.199,1.29168,1.29207,1.50,1.50
2012.02.16 19:16:18.269,1.29168,1.29207,1.50,3.00
2012.02.16 19:16:18.460,1.29169,1.29207,1.50,1.50
2012.02.16 19:16:19.008,1.29169,1.29214,3.00,2.25
2012.02.16 19:16:19.787,1.29169,1.29214,1.50,1.50
2012.02.16 19:16:20.586,1.29168,1.29213,2.48,1.50
2012.02.16 19:16:27.396,1.29171,1.29212,1.50,2.25
2012.02.16 19:16:33.676,1.29169,1.29213,2.25,2.25
2012.02.16 19:16:33.755,1.29171,1.29214,1.50,3.00
2012.02.16 19:16:34.102,1.29176,1.29215,1.50,1.50
2012.02.16 19:16:34.230,1.29172,1.29214,1.50,1.50
2012.02.16 19:16:34.988,1.29172,1.29215,1.50,1.50
2012.02.16 19:16:35.051,1.29172,1.29217,1.50,1.50
2012.02.16 19:16:35.631,1.29172,1.29214,1.50,1.50
2012.02.16 19:16:36.494,1.29176,1.29215,1.50,1.50
2012.02.16 19:16:37.053,1.29171,1.29216,3.00,3.23
2012.02.16 19:16:37.448,1.29176,1.29216,1.50,3.23
2012.02.16 19:16:37.969,1.29177,1.29215,1.50,1.50
2012.02.16 19:16:38.634,1.29177,1.29216,1.50,1.73
2012.02.16 19:16:38.859,1.29177,1.29214,1.50,1.50
2012.02.16 19:16:38.930,1.29177,1.29216,1.50,3.23
2012.02.16 19:16:39.504,1.29175,1.29216,1.50,3.98
2012.02.16 19:16:39.572,1.29175,1.29214,1.50,1.50
2012.02.16 19:16:39.700,1.29172,1.29214,1.50,1.50
2012.02.16 19:16:39.898,1.29172,1.29212,1.50,1.50
2012.02.16 19:16:40.848,1.29171,1.29211,1.50,1.50
2012.02.16 19:16:40.982,1.29166,1.29213,2.25,3.00
2012.02.16 19:16:41.560,1.29166,1.29211,3.75,1.50
2012.02.16 19:16:41.802,1.29168,1.29211,2.25,1.50
2012.02.16 19:16:42.201,1.29172,1.29214,3.00,1.50
2012.02.16 19:16:42.689,1.29168,1.29212,3.00,1.50
2012.02.16 19:16:43.137,1.29168,1.29209,1.50,1.50
2012.02.16 19:16:43.648,1.2917,1.29213,2.25,1.50
2012.02.16 19:16:44.205,1.29171,1.29214,3.00,1.50
2012.02.16 19:16:45.663,1.2917,1.29213,2.25,1.50
2012.02.16 19:16:45.847,1.2917,1.29215,2.25,3.75
2012.02.16 19:16:46.891,1.2917,1.29216,2.25,3.98
2012.02.16 19:16:47.919,1.29172,1.29216,1.50,3.23
2012.02.16 19:16:48.429,1.29172,1.29215,1.50,2.25
2012.02.16 19:16:48.992,1.29172,1.29215,1.50,2.25
2012.02.16 19:16:49.120,1.29172,1.29213,1.50,1.50
2012.02.16 19:16:49.849,1.29172,1.29215,1.50,3.75
2012.02.16 19:16:49.920,1.29172,1.29212,1.50,1.50
2012.02.16 19:16:50.230,1.29172,1.2921,1.50,1.50
2012.02.16 19:16:50.358,1.29167,1.2921,1.50,1.50
2012.02.16 19:16:51.040,1.29171,1.29211,1.50,3.23
2012.02.16 19:16:52.492,1.29168,1.29211,2.25,1.73
2012.02.16 19:16:52.560,1.29168,1.29211,2.25,1.73
2012.02.16 19:16:52.697,1.29168,1.29213,2.25,2.25
2012.02.16 19:16:53.438,1.29167,1.29213,3.75,2.25
2012.02.16 19:16:54.469,1.29169,1.29212,2.25,1.50
2012.02.16 19:16:54.998,1.29172,1.29216,2.25,3.98
2012.02.16 19:16:55.520,1.29169,1.29212,2.25,1.50
2012.02.16 19:16:56.096,1.29169,1.29214,2.25,2.25
2012.02.16 19:16:56.719,1.29171,1.29214,1.50,1.50
2012.02.16 19:16:56.931,1.29174,1.29216,2.25,3.98
2012.02.16 19:16:57.562,1.29176,1.29216,1.50,2.48
2012.02.16 19:16:58.146,1.29173,1.29216,2.25,3.98
2012.02.16 19:16:58.708,1.29175,1.29216,2.25,1.73
2012.02.16 19:17:00.047,1.29172,1.29216,3.00,1.73
2012.02.16 19:17:00.759,1.29173,1.29216,2.25,3.23
2012.02.16 19:17:03.397,1.2917,1.29212,2.25,1.50
2012.02.16 19:17:03.528,1.29173,1.29214,2.25,1.50
2012.02.16 19:17:03.597,1.29173,1.29216,2.25,1.73
2012.02.16 19:17:03.791,1.29167,1.29212,2.25,1.50
2012.02.16 19:17:03.861,1.29167,1.29212,2.25,1.50
2012.02.16 19:17:04.111,1.29172,1.2921,1.50,1.50
2012.02.16 19:17:04.311,1.29172,1.29211,1.50,1.73
2012.02.16 19:17:09.410,1.29172,1.29209,1.50,1.50
2012.02.16 19:17:09.538,1.29167,1.29209,3.00,2.25
2012.02.16 19:17:10.729,1.2917,1.29209,1.50,2.25
2012.02.16 19:17:12.424,1.29172,1.29211,1.50,2.48
2012.02.16 19:17:12.944,1.29172,1.29211,1.50,2.48
2012.02.16 19:17:19.350,1.29172,1.29209,1.50,1.50
2012.02.16 19:17:19.992,1.29172,1.2921,1.50,1.50
2012.02.16 19:17:20.575,1.29172,1.29211,1.50,2.48
2012.02.16 19:17:25.981,1.29172,1.29209,1.50,1.50
2012.02.16 19:17:26.059,1.29167,1.29209,3.00,1.50
2012.02.16 19:17:26.561,1.29169,1.29211,2.25,2.48
2012.02.16 19:17:27.094,1.2917,1.29213,1.50,2.25
2012.02.16 19:17:27.830,1.29167,1.29208,1.50,1.50
2012.02.16 19:17:29.296,1.29167,1.2921,2.25,1.73
2012.02.16 19:17:30.574,1.29172,1.29205,1.50,1.73
2012.02.16 19:17:30.711,1.29172,1.2921,2.25,1.73
2012.02.16 19:17:30.971,1.2917,1.2921,2.25,2.48
2012.02.16 19:17:31.501,1.29168,1.2921,2.25,1.73
2012.02.16 19:17:32.132,1.29168,1.2921,2.25,2.48
2012.02.16 19:17:33.000,1.29168,1.2921,2.25,1.73
2012.02.16 19:17:33.922,1.29167,1.2921,2.25,1.73
2012.02.16 19:17:34.330,1.29172,1.2921,2.25,1.73
2012.02.16 19:17:34.984,1.2917,1.2921,2.25,1.73
2012.02.16 19:17:37.790,1.29168,1.2921,2.25,1.73
2012.02.16 19:17:46.879,1.29168,1.29213,3.00,2.25
2012.02.16 19:17:47.090,1.29168,1.29213,2.25,2.25
2012.02.16 19:17:53.419,1.29166,1.2921,3.00,1.50
2012.02.16 19:17:54.253,1.29169,1.29211,2.25,1.73
2012.02.16 19:17:56.070,1.29168,1.29211,2.25,1.73
2012.02.16 19:18:00.019,1.29166,1.2921,3.00,2.25
2012.02.16 19:18:02.341,1.2917,1.29211,1.50,2.48
2012.02.16 19:18:02.950,1.29168,1.29211,2.25,2.48
2012.02.16 19:18:03.589,1.29168,1.29211,2.25,1.73
2012.02.16 19:18:03.853,1.29171,1.29211,2.25,1.73
2012.02.16 19:18:04.159,1.29169,1.29211,2.25,2.48
2012.02.16 19:18:04.537,1.29165,1.29207,1.50,1.50
2012.02.16 19:18:04.929,1.29166,1.2921,2.25,2.25
2012.02.16 19:18:07.940,1.29165,1.29208,3.00,1.50
2012.02.16 19:18:08.443,1.29166,1.29209,2.25,1.50
2012.02.16 19:18:08.965,1.29165,1.29211,3.00,3.98
2012.02.16 19:18:10.800,1.29167,1.29209,2.25,2.25
2012.02.16 19:18:13.020,1.2917,1.2921,1.50,2.25
2012.02.16 19:18:13.701,1.29167,1.29211,2.25,3.23
2012.02.16 19:18:15.388,1.29171,1.29211,1.50,2.48
2012.02.16 19:18:15.461,1.29171,1.29211,2.25,1.73
2012.02.16 19:18:15.668,1.29171,1.29211,3.00,1.73
2012.02.16 19:18:16.332,1.29172,1.29211,2.25,1.73
2012.02.16 19:18:17.208,1.29166,1.2921,2.25,1.50
2012.02.16 19:18:19.957,1.2917,1.29211,2.25,1.73
2012.02.16 19:18:21.041,1.29173,1.29211,1.50,1.73
2012.02.16 19:18:21.289,1.29173,1.29204,1.50,1.73
2012.02.16 19:18:21.677,1.29173,1.29208,1.50,2.25
2012.02.16 19:18:21.750,1.29167,1.29208,1.50,1.50
2012.02.16 19:18:21.955,1.29167,1.29211,3.00,2.48
2012.02.16 19:18:25.545,1.29169,1.29214,2.25,1.50
2012.02.16 19:18:25.628,1.29171,1.29214,2.25,2.25
2012.02.16 19:18:26.061,1.29167,1.2921,2.25,1.50
2012.02.16 19:18:26.329,1.29167,1.29211,3.00,2.25
2012.02.16 19:18:28.257,1.29168,1.29211,2.25,1.50
2012.02.16 19:18:28.824,1.29172,1.29212,1.50,1.73
2012.02.16 19:18:30.038,1.2917,1.29211,1.50,2.25
2012.02.16 19:18:30.347,1.29167,1.292,1.50,1.73
2012.02.16 19:18:30.554,1.29166,1.29206,2.25,1.50
2012.02.16 19:18:30.843,1.29166,1.29206,1.50,2.25
2012.02.16 19:18:30.914,1.29166,1.29206,2.25,1.50
2012.02.16 19:18:31.120,1.29168,1.29208,2.25,1.50
2012.02.16 19:18:31.686,1.2917,1.2921,2.25,1.73
2012.02.16 19:18:32.408,1.29167,1.2921,2.25,2.48
2012.02.16 19:18:40.882,1.29166,1.29204,3.75,1.73
2012.02.16 19:18:41.425,1.29167,1.29205,1.50,1.73
2012.02.16 19:18:42.210,1.29165,1.29205,3.75,2.48
2012.02.16 19:18:42.784,1.29167,1.2921,3.00,2.48
2012.02.16 19:18:43.331,1.29167,1.29209,1.50,2.25
2012.02.16 19:18:45.845,1.29168,1.29205,1.50,1.73
2012.02.16 19:18:46.467,1.29168,1.29211,1.50,3.98
2012.02.16 19:18:47.059,1.29166,1.29211,3.00,3.98
2012.02.16 19:18:47.943,1.29169,1.29211,2.25,2.48
2012.02.16 19:18:48.012,1.29171,1.29214,1.50,2.25
2012.02.16 19:18:48.138,1.29171,1.29214,1.50,2.25
2012.02.16 19:18:52.340,1.29172,1.29215,1.50,2.25
2012.02.16 19:18:57.070,1.29179,1.29218,1.73,2.25
2012.02.16 19:18:57.259,1.29181,1.29226,1.50,2.25
2012.02.16 19:18:57.920,1.29181,1.29225,1.50,2.48
2012.02.16 19:18:58.050,1.29178,1.2922,1.50,2.25
2012.02.16 19:18:58.121,1.29178,1.2922,2.10,2.25
2012.02.16 19:18:58.322,1.29192,1.29235,2.25,2.25
2012.02.16 19:18:58.389,1.29192,1.29235,1.50,2.25
2012.02.16 19:18:58.580,1.29188,1.29233,2.25,2.25
2012.02.16 19:18:59.191,1.2919,1.29235,1.50,2.25
2012.02.16 19:18:59.602,1.29193,1.29234,1.50,1.50
2012.02.16 19:19:00.170,1.29194,1.29234,1.50,1.50
2012.02.16 19:19:00.241,1.29193,1.29234,1.50,3.00
2012.02.16 19:19:00.310,1.29189,1.29232,1.50,2.25
2012.02.16 19:19:00.619,1.29192,1.29233,1.50,2.25
2012.02.16 19:19:01.252,1.29191,1.29234,1.50,1.50
2012.02.16 19:19:01.601,1.29194,1.29234,1.50,1.50
2012.02.16 19:19:02.170,1.29193,1.29238,1.50,2.25
2012.02.16 19:19:02.247,1.29191,1.29234,1.50,2.25
2012.02.16 19:19:02.913,1.2919,1.29235,1.50,2.25
2012.02.16 19:19:03.530,1.2919,1.29235,2.25,2.25
2012.02.16 19:19:03.813,1.29194,1.29237,1.50,2.25
2012.02.16 19:19:04.470,1.29192,1.29235,1.50,2.25
2012.02.16 19:19:05.153,1.29193,1.29238,1.50,2.25
2012.02.16 19:19:07.638,1.29192,1.29236,1.50,2.25
2012.02.16 19:19:08.159,1.29195,1.29238,1.50,2.25
2012.02.16 19:19:08.378,1.29193,1.29238,1.50,2.25
2012.02.16 19:19:09.532,1.29195,1.29238,1.50,2.25
2012.02.16 19:19:09.928,1.29197,1.29239,1.50,3.00
2012.02.16 19:19:10.136,1.29194,1.29239,1.50,3.00
2012.02.16 19:19:10.361,1.29195,1.29239,1.50,1.50
2012.02.16 19:19:11.410,1.29194,1.29238,3.00,1.50
2012.02.16 19:19:11.628,1.29197,1.29238,1.50,1.50
2012.02.16 19:19:11.702,1.29197,1.29238,1.50,1.50
2012.02.16 19:19:12.039,1.29197,1.29238,1.50,1.50
2012.02.16 19:19:13.993,1.29197,1.29238,1.50,1.50
2012.02.16 19:19:15.034,1.29194,1.29238,1.50,1.50
2012.02.16 19:19:15.518,1.29197,1.29238,1.50,1.50
2012.02.16 19:19:18.282,1.29195,1.29238,1.50,1.50
2012.02.16 19:19:18.411,1.29198,1.29238,1.50,1.50
2012.02.16 19:19:19.419,1.29197,1.29238,3.00,1.50
2012.02.16 19:19:19.969,1.29196,1.29238,1.50,1.50
2012.02.16 19:19:20.997,1.29198,1.29238,1.50,1.50
2012.02.16 19:19:21.418,1.29196,1.29238,3.00,1.50
2012.02.16 19:19:21.938,1.29198,1.29238,1.50,1.50
2012.02.16 19:19:22.370,1.29201,1.29238,1.50,1.50
2012.02.16 19:19:22.631,1.29213,1.29247,1.50,1.50
2012.02.16 19:19:22.699,1.29215,1.29247,1.50,1.50
2012.02.16 19:19:23.080,1.29212,1.29254,1.50,1.50
2012.02.16 19:19:23.150,1.29212,1.29254,1.50,1.50
2012.02.16 19:19:23.459,1.29212,1.2925,1.50,1.50
2012.02.16 19:19:24.058,1.29212,1.29252,2.25,1.50
2012.02.16 19:19:24.193,1.2921,1.29252,1.50,1.50
2012.02.16 19:19:24.382,1.29209,1.29244,1.73,1.50
2012.02.16 19:19:24.450,1.29201,1.29244,2.25,1.50
2012.02.16 19:19:24.772,1.29202,1.29244,1.50,1.50
2012.02.16 19:19:25.280,1.29205,1.29247,1.50,1.50
2012.02.16 19:19:28.043,1.29205,1.29248,1.50,1.50
2012.02.16 19:19:29.231,1.29207,1.29247,2.25,1.50
2012.02.16 19:19:29.496,1.29199,1.29242,2.25,2.25
2012.02.16 19:19:30.334,1.29198,1.29239,1.50,1.50
2012.02.16 19:19:30.406,1.29198,1.2924,3.00,1.50
2012.02.16 19:19:30.927,1.29199,1.29241,2.25,1.50
2012.02.16 19:19:31.473,1.29198,1.2924,3.00,1.50
2012.02.16 19:19:32.431,1.29201,1.29243,2.25,2.25
2012.02.16 19:19:33.794,1.29198,1.29241,3.00,1.50
2012.02.16 19:19:34.314,1.29201,1.29244,2.25,3.00
2012.02.16 19:19:34.499,1.29204,1.29244,1.50,1.50
2012.02.16 19:19:34.808,1.29217,1.29254,1.50,1.50
2012.02.16 19:19:34.939,1.29217,1.29254,1.50,1.50
2012.02.16 19:19:35.135,1.29215,1.29254,1.50,1.50
2012.02.16 19:19:35.641,1.29214,1.29254,1.50,1.50
2012.02.16 19:19:35.902,1.29212,1.29254,3.75,1.50
2012.02.16 19:19:35.979,1.2921,1.29254,3.75,1.50
2012.02.16 19:19:36.729,1.2921,1.29252,1.50,1.50
2012.02.16 19:19:36.804,1.29205,1.29247,2.25,1.50
2012.02.16 19:19:36.939,1.29203,1.29243,1.50,1.50
2012.02.16 19:19:37.609,1.29202,1.29243,3.00,1.50
2012.02.16 19:19:37.681,1.29202,1.29244,3.00,1.50
2012.02.16 19:19:37.825,1.29201,1.29244,1.50,1.50
2012.02.16 19:19:38.145,1.29198,1.29236,1.50,1.50
2012.02.16 19:19:38.412,1.29198,1.29239,1.50,1.50
2012.02.16 19:19:38.853,1.29198,1.29235,1.50,1.50
2012.02.16 19:19:38.928,1.29198,1.29238,1.50,1.50
2012.02.16 19:19:39.986,1.29198,1.29239,1.50,1.50
2012.02.16 19:19:40.534,1.29198,1.29241,1.50,2.25
2012.02.16 19:19:40.731,1.29198,1.29241,1.50,1.50
2012.02.16 19:19:41.230,1.29198,1.29241,1.50,2.25
2012.02.16 19:19:41.302,1.29198,1.29241,1.50,1.50
2012.02.16 19:19:41.623,1.29198,1.29238,1.50,1.50
2012.02.16 19:19:42.140,1.29198,1.29237,1.50,1.50
2012.02.16 19:19:42.691,1.29198,1.29238,1.50,2.25
2012.02.16 19:19:43.204,1.29198,1.29237,1.50,1.50
2012.02.16 19:19:44.005,1.29198,1.29238,1.50,1.50
2012.02.16 19:19:44.086,1.29198,1.29241,1.50,2.25
2012.02.16 19:19:47.184,1.29198,1.29241,1.50,1.50
2012.02.16 19:19:47.822,1.29198,1.29241,1.50,3.00
2012.02.16 19:20:01.660,1.29198,1.29243,3.00,3.00
2012.02.16 19:20:02.220,1.29205,1.29245,1.50,2.25
2012.02.16 19:20:02.354,1.29199,1.29244,2.25,2.25
2012.02.16 19:20:02.496,1.29201,1.29244,1.50,2.25
2012.02.16 19:20:03.330,1.29207,1.29252,1.50,2.25
2012.02.16 19:20:03.713,1.29205,1.29249,2.25,2.25
2012.02.16 19:20:04.376,1.29206,1.2925,1.50,2.25
2012.02.16 19:20:04.641,1.29208,1.29251,1.50,2.25
2012.02.16 19:20:05.100,1.2921,1.29253,1.50,2.25
2012.02.16 19:20:07.203,1.29207,1.29251,1.50,2.25
2012.02.16 19:20:07.745,1.29205,1.29251,2.25,2.25
2012.02.16 19:20:08.679,1.2921,1.29252,1.50,2.25
2012.02.16 19:20:08.840,1.29208,1.29252,1.50,2.25
2012.02.16 19:20:09.524,1.29209,1.29253,1.50,2.25
2012.02.16 19:20:09.589,1.29207,1.2925,1.50,2.25
2012.02.16 19:20:10.162,1.29208,1.29251,1.50,2.25
2012.02.16 19:20:10.380,1.29206,1.29251,3.00,2.25
2012.02.16 19:20:10.922,1.29207,1.29252,1.50,3.75
2012.02.16 19:20:11.474,1.29209,1.29253,1.50,3.75
2012.02.16 19:20:11.962,1.29207,1.2925,1.50,2.25
2012.02.16 19:20:12.471,1.29205,1.29251,2.25,2.25
2012.02.16 19:20:12.934,1.29205,1.29252,1.50,2.25
2012.02.16 19:20:13.460,1.29205,1.29248,3.75,1.50
2012.02.16 19:20:13.728,1.29203,1.29246,2.25,1.50
2012.02.16 19:20:13.797,1.29203,1.29246,2.25,1.50
2012.02.16 19:20:14.314,1.29203,1.29245,2.25,1.50
2012.02.16 19:20:14.457,1.29203,1.29248,2.25,2.25
2012.02.16 19:20:16.820,1.29203,1.29246,2.25,1.50
2012.02.16 19:20:17.411,1.29202,1.29247,2.25,2.25
2012.02.16 19:20:18.837,1.29203,1.29248,2.25,1.50
2012.02.16 19:20:19.750,1.29203,1.29246,2.25,1.50
2012.02.16 19:20:20.341,1.29204,1.29247,2.25,1.50
2012.02.16 19:20:20.892,1.29203,1.29246,2.25,1.50
2012.02.16 19:20:21.269,1.29203,1.29248,2.25,3.00
2012.02.16 19:20:22.024,1.29202,1.29247,2.25,1.50
2012.02.16 19:20:22.683,1.29203,1.29248,2.25,1.50
2012.02.16 19:20:23.451,1.29202,1.29247,2.25,1.50
2012.02.16 19:20:24.105,1.29203,1.29248,2.25,1.50
2012.02.16 19:20:25.241,1.29203,1.29246,2.25,1.50
2012.02.16 19:20:25.411,1.29203,1.29248,2.25,3.00
2012.02.16 19:20:25.911,1.29205,1.29249,2.25,3.00
2012.02.16 19:20:26.039,1.29204,1.29247,2.25,1.50
2012.02.16 19:20:26.963,1.29203,1.29248,2.25,1.50
2012.02.16 19:20:27.270,1.29201,1.29244,3.75,1.50
2012.02.16 19:20:29.628,1.29203,1.29246,2.25,3.00
2012.02.16 19:20:30.021,1.292,1.29244,2.25,1.50
2012.02.16 19:20:30.333,1.29201,1.29244,2.25,1.50
2012.02.16 19:20:30.471,1.29199,1.29242,2.25,1.50
2012.02.16 19:20:30.543,1.29202,1.29247,2.25,2.25
2012.02.16 19:20:31.176,1.29202,1.29245,3.00,1.50
2012.02.16 19:20:31.555,1.29202,1.29242,1.50,1.50
2012.02.16 19:20:32.055,1.29202,1.29243,1.50,1.50
2012.02.16 19:20:32.483,1.29202,1.29243,1.50,1.50
2012.02.16 19:20:32.609,1.29202,1.29243,1.50,1.50
2012.02.16 19:20:32.684,1.29203,1.29247,2.25,1.50
2012.02.16 19:20:32.812,1.29202,1.29245,1.50,1.50
2012.02.16 19:20:33.627,1.29202,1.29244,1.50,3.00
2012.02.16 19:20:34.245,1.29202,1.29245,1.50,1.50
2012.02.16 19:20:35.795,1.29202,1.29246,3.00,1.50
2012.02.16 19:20:36.815,1.29203,1.29245,2.25,1.50
2012.02.16 19:20:37.059,1.292,1.29244,2.25,1.50
2012.02.16 19:20:37.310,1.29204,1.29246,2.25,1.50
2012.02.16 19:20:37.874,1.29204,1.29247,2.25,1.50
2012.02.16 19:20:40.683,1.29204,1.29247,2.25,1.50
2012.02.16 19:20:40.928,1.29202,1.29247,3.00,2.25
2012.02.16 19:20:44.449,1.29203,1.29246,1.50,3.75
2012.02.16 19:20:44.520,1.29199,1.29241,2.25,2.25
2012.02.16 19:20:44.710,1.29197,1.29236,1.50,1.73
2012.02.16 19:20:44.843,1.29204,1.29247,2.25,2.25
2012.02.16 19:20:44.910,1.29204,1.29247,2.25,2.25
2012.02.16 19:20:45.346,1.29203,1.29248,2.25,2.25
2012.02.16 19:20:47.058,1.29202,1.29247,2.25,1.50
2012.02.16 19:20:47.480,1.29202,1.29247,2.25,2.25
2012.02.16 19:20:51.195,1.292,1.29242,2.25,1.50
2012.02.16 19:20:51.713,1.29198,1.29241,3.00,1.50
2012.02.16 19:20:52.100,1.29198,1.29239,1.50,1.50
2012.02.16 19:20:52.315,1.29198,1.2924,1.50,1.50
2012.02.16 19:20:52.462,1.292,1.29245,2.25,2.25
2012.02.16 19:20:52.533,1.29198,1.2924,1.50,1.50
2012.02.16 19:20:52.752,1.292,1.29243,2.25,2.25
2012.02.16 19:20:54.610,1.29198,1.29242,1.50,1.50
2012.02.16 19:20:59.469,1.29198,1.29242,1.50,1.50
2012.02.16 19:20:59.673,1.29201,1.29246,2.25,2.25
2012.02.16 19:20:59.921,1.29198,1.2924,2.25,1.50
2012.02.16 19:21:00.301,1.29197,1.29238,2.25,1.50
2012.02.16 19:21:00.791,1.29197,1.29241,2.25,2.25
2012.02.16 19:21:00.860,1.29197,1.29241,2.25,1.50
2012.02.16 19:21:01.390,1.29197,1.29242,3.75,1.50
2012.02.16 19:21:02.829,1.29198,1.29241,2.25,1.50
2012.02.16 19:21:04.610,1.29202,1.29243,1.50,3.00
2012.02.16 19:21:05.254,1.29202,1.29244,1.50,2.25
2012.02.16 19:21:05.586,1.29202,1.29241,1.50,1.50
2012.02.16 19:21:06.831,1.29202,1.29242,1.50,1.50
2012.02.16 19:21:06.965,1.29202,1.29244,1.50,1.50
2012.02.16 19:21:07.476,1.29202,1.29245,1.50,1.50
2012.02.16 19:21:10.821,1.292,1.29243,2.25,1.50
2012.02.16 19:21:11.337,1.29201,1.29244,1.50,1.50
2012.02.16 19:21:16.024,1.29203,1.29245,2.25,1.50
2012.02.16 19:21:16.109,1.29204,1.29247,2.25,3.75
2012.02.16 19:21:18.382,1.29203,1.29245,2.25,1.50
2012.02.16 19:21:19.492,1.29201,1.29243,2.25,1.50
2012.02.16 19:21:20.014,1.29202,1.29245,2.25,1.50
2012.02.16 19:21:20.470,1.29205,1.29248,2.25,2.25
2012.02.16 19:21:20.540,1.29205,1.29248,2.25,1.50
2012.02.16 19:21:21.450,1.29204,1.29247,2.25,1.50
2012.02.16 19:21:23.699,1.29203,1.29245,2.25,1.50
2012.02.16 19:21:23.841,1.29207,1.29247,1.50,3.00
2012.02.16 19:21:24.192,1.29207,1.29249,1.50,2.25
2012.02.16 19:21:24.473,1.29202,1.29246,4.50,1.50
2012.02.16 19:21:25.540,1.29204,1.29247,2.25,1.50
2012.02.16 19:21:26.150,1.29203,1.29248,2.25,1.50
2012.02.16 19:21:27.850,1.29203,1.29247,2.25,1.50
2012.02.16 19:21:28.335,1.29203,1.29245,2.25,1.50
2012.02.16 19:21:28.408,1.29203,1.29248,2.25,1.50
2012.02.16 19:21:29.743,1.29202,1.29245,2.25,1.50
2012.02.16 19:21:29.885,1.29203,1.29248,2.25,3.75
2012.02.16 19:21:44.402,1.29205,1.2925,2.25,2.25
2012.02.16 19:21:45.032,1.29204,1.29247,3.75,2.25
2012.02.16 19:21:45.412,1.29207,1.29251,2.25,2.25
2012.02.16 19:21:45.799,1.2921,1.29252,1.50,2.25
2012.02.16 19:21:46.078,1.29206,1.2925,2.25,2.25
2012.02.16 19:21:47.387,1.29205,1.29246,2.25,1.50
2012.02.16 19:21:47.938,1.29206,1.29246,1.50,2.25
2012.02.16 19:21:48.589,1.29206,1.29248,1.50,1.50
2012.02.16 19:21:48.950,1.29212,1.29254,2.25,1.50
2012.02.16 19:21:49.461,1.29212,1.29254,2.25,1.50
2012.02.16 19:21:49.662,1.29208,1.29251,2.25,1.50
2012.02.16 19:21:50.032,1.29205,1.29248,1.50,1.50
2012.02.16 19:21:50.101,1.29202,1.2925,4.50,1.50
2012.02.16 19:21:50.171,1.29206,1.29252,1.50,1.50
2012.02.16 19:21:50.736,1.29206,1.29253,2.25,1.50
2012.02.16 19:21:51.982,1.29202,1.29245,2.25,1.50
2012.02.16 19:21:52.561,1.29205,1.29247,2.25,1.50
2012.02.16 19:21:53.270,1.29204,1.29248,2.25,3.00
2012.02.16 19:21:54.053,1.29202,1.29247,2.25,1.50
2012.02.16 19:21:55.191,1.29204,1.29248,2.25,1.50
2012.02.16 19:22:00.901,1.29206,1.29241,2.25,1.73
2012.02.16 19:22:00.982,1.29202,1.29241,3.00,1.73
2012.02.16 19:22:01.134,1.29209,1.29241,1.50,1.73
2012.02.16 19:22:01.203,1.29209,1.29243,1.50,1.50
2012.02.16 19:22:01.347,1.29207,1.29248,1.50,1.50
2012.02.16 19:22:01.764,1.29207,1.29248,2.25,1.50
2012.02.16 19:22:03.426,1.29202,1.29247,3.00,1.50
2012.02.16 19:22:06.063,1.29206,1.29248,2.25,2.25
2012.02.16 19:22:07.979,1.29202,1.29245,3.75,1.50
2012.02.16 19:22:08.379,1.29201,1.29244,2.25,1.50
2012.02.16 19:22:08.581,1.29201,1.29246,2.25,1.50
2012.02.16 19:22:09.033,1.29203,1.29246,2.25,1.50
2012.02.16 19:22:09.426,1.29206,1.29249,2.25,3.00
2012.02.16 19:22:10.002,1.29202,1.29247,3.75,1.50
2012.02.16 19:22:10.670,1.29205,1.29248,2.25,1.50
2012.02.16 19:22:11.228,1.29206,1.29249,2.25,1.50
2012.02.16 19:22:12.576,1.29206,1.29248,2.25,1.50
2012.02.16 19:22:13.139,1.29206,1.2925,2.25,2.25
2012.02.16 19:22:15.054,1.29201,1.29244,2.25,1.50
2012.02.16 19:22:15.346,1.29204,1.29249,2.25,3.00
2012.02.16 19:22:16.420,1.29203,1.29248,3.75,1.50
2012.02.16 19:22:17.254,1.29207,1.29249,2.25,1.50
2012.02.16 19:22:17.884,1.29205,1.29248,2.25,1.50
2012.02.16 19:22:21.302,1.29203,1.29246,2.25,1.50
2012.02.16 19:22:21.623,1.292,1.29243,3.75,1.50
2012.02.16 19:22:21.751,1.29202,1.29245,2.25,1.50
2012.02.16 19:22:22.413,1.29207,1.29249,2.25,4.50
2012.02.16 19:22:27.876,1.29205,1.29248,2.25,1.50
2012.02.16 19:22:28.073,1.29205,1.29248,2.25,2.25
2012.02.16 19:22:31.143,1.29201,1.29246,2.25,1.50
2012.02.16 19:22:31.674,1.29204,1.29247,2.25,2.25
2012.02.16 19:22:31.773,1.29204,1.29247,2.25,1.50
2012.02.16 19:22:32.365,1.29202,1.29245,1.50,1.50
2012.02.16 19:22:33.236,1.292,1.29243,2.25,1.50
2012.02.16 19:22:33.561,1.29206,1.29248,1.50,2.25
2012.02.16 19:22:34.167,1.29206,1.29247,1.50,1.50
2012.02.16 19:22:35.087,1.29206,1.29248,1.50,2.25
2012.02.16 19:22:39.873,1.29204,1.29247,2.25,1.50
2012.02.16 19:22:40.373,1.29207,1.2925,3.00,2.25
2012.02.16 19:22:46.338,1.29204,1.29248,2.25,2.25
2012.02.16 19:22:47.474,1.29205,1.29247,2.25,1.50
2012.02.16 19:22:52.102,1.29205,1.2925,2.25,1.50
2012.02.16 19:22:52.173,1.29205,1.2925,2.25,2.25
2012.02.16 19:22:52.699,1.29205,1.29247,2.25,1.50
2012.02.16 19:22:53.201,1.29205,1.2925,2.25,2.25
2012.02.16 19:22:53.963,1.29205,1.29247,2.25,1.50
2012.02.16 19:22:54.032,1.29205,1.29249,2.25,1.50
2012.02.16 19:22:54.220,1.29205,1.29249,3.75,1.50
2012.02.16 19:22:56.102,1.29209,1.29249,1.50,1.50
2012.02.16 19:22:57.594,1.2921,1.29249,1.50,1.50
2012.02.16 19:22:58.389,1.29209,1.29249,1.50,1.50
2012.02.16 19:22:59.136,1.2921,1.29253,1.50,3.00
2012.02.16 19:22:59.783,1.29209,1.29251,1.50,2.25
2012.02.16 19:23:00.609,1.29207,1.29253,2.25,4.50
2012.02.16 19:23:02.293,1.29207,1.29249,2.25,1.50
2012.02.16 19:23:02.820,1.29207,1.29249,1.50,1.50
2012.02.16 19:23:03.754,1.29203,1.29247,2.25,1.50
2012.02.16 19:23:04.070,1.29202,1.29245,3.00,3.23
2012.02.16 19:23:04.141,1.29202,1.29245,2.25,2.48
2012.02.16 19:23:04.989,1.29203,1.29245,1.50,2.48
2012.02.16 19:23:05.712,1.29202,1.29242,2.25,2.25
2012.02.16 19:23:05.960,1.29206,1.29245,1.50,2.48
2012.02.16 19:23:06.030,1.29203,1.29244,1.50,2.25
2012.02.16 19:23:06.738,1.29202,1.29244,2.25,2.25
2012.02.16 19:23:09.544,1.292,1.29244,1.50,2.25
2012.02.16 19:23:10.033,1.29214,1.29245,1.50,1.50
2012.02.16 19:23:10.116,1.29216,1.29258,1.50,2.25
2012.02.16 19:23:10.262,1.29216,1.29258,2.25,1.50
2012.02.16 19:23:10.640,1.29219,1.29269,1.50,3.00
2012.02.16 19:23:11.513,1.29222,1.29269,1.50,1.50
2012.02.16 19:23:11.712,1.29225,1.29269,1.50,1.50
2012.02.16 19:23:11.781,1.2923,1.29274,1.50,1.50
2012.02.16 19:23:11.910,1.29232,1.29274,1.50,1.50
2012.02.16 19:23:12.044,1.29236,1.29283,1.50,2.25
