2015.10.19 19:00:00.337,1.06689,1.06715,1.00,1.00
2015.10.19 19:00:00.851,1.0669,1.06716,1.00,1.12
2015.10.19 19:00:00.902,1.0669,1.06718,1.00,1.10
2015.10.19 19:00:00.953,1.06694,1.06718,1.00,1.10
2015.10.19 19:00:01.004,1.06694,1.06721,1.12,1.10
2015.10.19 19:00:01.488,1.06699,1.06721,1.00,1.10
2015.10.19 19:00:02.609,1.06696,1.06721,1.00,1.00
2015.10.19 19:00:03.846,1.06695,1.06721,1.00,1.00
2015.10.19 19:00:04.099,1.06695,1.06721,1.37,1.00
2015.10.19 19:00:06.623,1.06694,1.06721,1.00,1.00
2015.10.19 19:00:06.825,1.06694,1.06721,1.75,1.00
2015.10.19 19:00:08.641,1.06698,1.0672,1.37,1.00
2015.10.19 19:00:14.732,1.06697,1.06721,1.50,1.00
2015.10.19 19:00:18.809,1.06693,1.0672,2.25,1.00
2015.10.19 19:00:18.860,1.06693,1.0672,2.25,1.00
2015.10.19 19:00:21.926,1.06697,1.06729,1.00,1.50
2015.10.19 19:00:22.111,1.06694,1.06729,1.12,1.50
2015.10.19 19:00:26.397,1.06691,1.06727,2.25,1.00
2015.10.19 19:00:34.080,1.06693,1.06727,1.50,1.50
2015.10.19 19:00:34.341,1.06696,1.06727,1.00,1.50
2015.10.19 19:00:34.645,1.06708,1.06741,1.00,1.50
2015.10.19 19:00:36.320,1.06703,1.06736,1.00,1.00
2015.10.19 19:00:38.897,1.06704,1.06736,1.00,1.00
2015.10.19 19:00:47.424,1.06703,1.06735,1.00,1.00
2015.10.19 19:00:47.925,1.06704,1.06735,1.00,1.00
2015.10.19 19:00:54.051,1.06703,1.06735,1.50,1.00
2015.10.19 19:00:54.659,1.06703,1.06734,1.50,1.00
2015.10.19 19:00:56.268,1.06704,1.06737,1.00,1.50
2015.10.19 19:00:58.258,1.06703,1.06737,2.25,2.25
2015.10.19 19:01:00.201,1.06705,1.06737,1.00,2.25
2015.10.19 19:01:00.560,1.06703,1.06734,2.25,1.00
2015.10.19 19:01:13.990,1.06703,1.06734,2.25,1.00
2015.10.19 19:01:19.266,1.06703,1.06734,1.37,1.50
2015.10.19 19:01:19.519,1.06703,1.0673,1.37,1.00
2015.10.19 19:01:20.238,1.067,1.06729,1.75,1.00
2015.10.19 19:01:20.390,1.067,1.06729,1.00,1.00
2015.10.19 19:01:23.832,1.06698,1.06728,1.50,1.00
2015.10.19 19:01:27.484,1.067,1.06729,1.00,1.00
2015.10.19 19:01:27.985,1.06698,1.06728,1.50,1.00
2015.10.19 19:01:29.432,1.067,1.06729,1.00,1.00
2015.10.19 19:01:29.996,1.06697,1.06729,1.75,1.50
2015.10.19 19:01:31.551,1.06701,1.06729,1.00,1.00
2015.10.19 19:01:31.653,1.06698,1.06728,1.50,1.00
2015.10.19 19:01:33.452,1.06701,1.06729,1.00,1.00
2015.10.19 19:01:35.370,1.06701,1.06723,1.00,1.00
2015.10.19 19:01:41.328,1.06701,1.06722,1.00,1.00
2015.10.19 19:01:42.343,1.06698,1.06722,1.50,1.00
2015.10.19 19:01:43.756,1.06699,1.06722,1.50,1.00
2015.10.19 19:01:46.555,1.06699,1.06723,1.50,1.00
2015.10.19 19:01:58.102,1.067,1.06722,1.87,1.00
2015.10.19 19:02:00.350,1.067,1.06726,1.87,1.00
2015.10.19 19:02:00.401,1.06706,1.06726,1.00,1.00
2015.10.19 19:02:00.452,1.06706,1.0673,1.00,1.00
2015.10.19 19:02:00.604,1.06706,1.06733,1.00,1.00
2015.10.19 19:02:00.707,1.06709,1.06736,1.00,1.12
2015.10.19 19:02:02.571,1.06709,1.06733,1.12,1.00
2015.10.19 19:02:03.054,1.0671,1.06736,1.00,1.00
2015.10.19 19:02:04.968,1.0671,1.06734,1.00,1.00
2015.10.19 19:02:14.180,1.0671,1.06734,1.37,1.00
2015.10.19 19:02:14.788,1.0671,1.06729,1.00,1.00
2015.10.19 19:02:15.577,1.06709,1.06729,1.00,1.00
2015.10.19 19:02:15.679,1.06706,1.06729,1.00,1.00
2015.10.19 19:02:20.187,1.06706,1.0673,1.00,1.00
2015.10.19 19:02:20.238,1.06706,1.06726,1.00,1.00
2015.10.19 19:02:46.206,1.06706,1.06724,1.00,1.00
2015.10.19 19:03:08.950,1.06706,1.06726,1.00,1.00
2015.10.19 19:03:15.780,1.06701,1.06726,1.12,1.00
2015.10.19 19:03:16.947,1.06704,1.06726,1.00,1.00
2015.10.19 19:03:17.150,1.067,1.06726,1.57,1.00
2015.10.19 19:03:22.359,1.06703,1.06726,1.00,1.00
2015.10.19 19:03:36.102,1.06705,1.06726,1.00,1.00
2015.10.19 19:03:36.726,1.06703,1.06726,1.00,1.00
2015.10.19 19:03:40.435,1.067,1.06726,1.37,1.00
2015.10.19 19:03:40.929,1.06704,1.06726,1.00,1.00
2015.10.19 19:03:41.564,1.06704,1.06725,1.00,1.00
2015.10.19 19:03:52.095,1.067,1.06725,1.37,1.00
2015.10.19 19:03:54.062,1.067,1.06725,1.50,1.00
2015.10.19 19:03:56.301,1.067,1.06726,1.50,1.00
2015.10.19 19:04:00.797,1.06704,1.06726,1.00,1.00
2015.10.19 19:04:01.660,1.06704,1.06725,1.00,1.00
2015.10.19 19:04:02.951,1.06704,1.06727,1.00,1.00
2015.10.19 19:04:05.314,1.067,1.06727,1.50,1.00
2015.10.19 19:04:05.888,1.06701,1.06727,1.00,1.00
2015.10.19 19:04:06.417,1.06702,1.06727,1.00,1.00
2015.10.19 19:04:06.569,1.067,1.06727,2.25,1.00
2015.10.19 19:04:08.223,1.067,1.06726,2.25,1.00
2015.10.19 19:04:10.043,1.067,1.06728,3.75,1.00
2015.10.19 19:04:10.094,1.06705,1.06728,1.00,1.00
2015.10.19 19:04:10.397,1.06703,1.06728,1.50,1.00
2015.10.19 19:04:10.650,1.06706,1.06728,1.00,1.00
2015.10.19 19:04:11.667,1.06703,1.06728,1.50,1.00
2015.10.19 19:04:14.610,1.06705,1.06728,1.00,1.00
2015.10.19 19:04:15.313,1.06703,1.06728,1.00,1.00
2015.10.19 19:04:20.277,1.06703,1.06727,1.00,1.00
2015.10.19 19:04:26.432,1.06706,1.06731,1.00,1.00
2015.10.19 19:04:27.434,1.06705,1.06731,1.87,1.00
2015.10.19 19:04:36.672,1.06705,1.06729,1.75,1.00
2015.10.19 19:04:43.803,1.06705,1.06729,1.50,1.00
2015.10.19 19:04:44.331,1.06705,1.06729,1.12,1.00
2015.10.19 19:04:51.989,1.06705,1.06727,1.12,1.00
2015.10.19 19:04:52.837,1.06705,1.06723,1.12,1.00
2015.10.19 19:04:52.939,1.067,1.06724,1.50,1.00
2015.10.19 19:04:53.040,1.06697,1.06724,1.00,1.00
2015.10.19 19:04:53.142,1.06698,1.06721,1.00,1.00
2015.10.19 19:04:58.983,1.06698,1.0672,1.00,1.00
2015.10.19 19:05:30.762,1.06697,1.0672,1.00,1.00
2015.10.19 19:05:31.015,1.06691,1.0672,1.87,1.00
2015.10.19 19:05:31.066,1.06691,1.06718,1.87,1.00
2015.10.19 19:05:36.513,1.06692,1.06718,1.00,1.00
2015.10.19 19:05:37.734,1.06691,1.06718,1.87,1.00
2015.10.19 19:05:39.110,1.06692,1.06718,1.00,1.00
2015.10.19 19:05:41.044,1.06691,1.06718,1.87,1.00
2015.10.19 19:05:42.525,1.06691,1.06717,1.87,1.00
2015.10.19 19:05:50.422,1.06691,1.06715,1.00,1.00
2015.10.19 19:05:56.326,1.06691,1.06714,1.00,1.00
2015.10.19 19:05:57.733,1.06689,1.06714,1.12,1.00
2015.10.19 19:05:59.442,1.06689,1.06716,1.12,1.00
2015.10.19 19:06:01.002,1.06692,1.06716,1.00,1.00
2015.10.19 19:06:04.475,1.06691,1.06716,1.00,1.00
2015.10.19 19:06:04.791,1.06691,1.06714,1.00,1.00
2015.10.19 19:06:06.172,1.06687,1.06714,1.75,1.00
2015.10.19 19:06:14.375,1.06687,1.06714,1.12,1.00
2015.10.19 19:06:20.795,1.06687,1.06713,1.12,1.00
2015.10.19 19:06:27.484,1.06687,1.06714,1.12,1.00
2015.10.19 19:06:34.831,1.06685,1.06711,1.00,1.00
2015.10.19 19:06:35.148,1.06688,1.06711,1.00,1.00
2015.10.19 19:06:37.782,1.06687,1.06711,1.00,1.00
2015.10.19 19:06:37.934,1.06684,1.06711,1.50,1.00
2015.10.19 19:06:38.036,1.06688,1.06711,1.00,1.00
2015.10.19 19:06:39.690,1.06685,1.06711,1.00,1.00
2015.10.19 19:06:39.810,1.06688,1.06711,1.00,1.00
2015.10.19 19:06:50.817,1.06688,1.06712,1.00,1.00
2015.10.19 19:06:54.270,1.06693,1.06712,1.00,1.00
2015.10.19 19:06:55.472,1.06689,1.06712,1.00,1.00
2015.10.19 19:06:57.736,1.06686,1.06712,1.50,1.00
2015.10.19 19:07:00.941,1.06688,1.06712,1.00,1.00
2015.10.19 19:07:01.468,1.06688,1.0671,1.00,1.00
2015.10.19 19:07:03.494,1.06685,1.0671,1.00,1.00
2015.10.19 19:07:03.701,1.0669,1.06714,1.00,1.00
2015.10.19 19:07:04.161,1.06687,1.06714,1.00,1.00
2015.10.19 19:07:04.449,1.06689,1.06714,1.00,1.00
2015.10.19 19:07:05.373,1.06686,1.06714,1.60,1.00
2015.10.19 19:07:05.424,1.06691,1.06714,1.00,1.00
2015.10.19 19:07:05.896,1.06688,1.06714,1.50,1.00
2015.10.19 19:07:05.947,1.06691,1.06714,1.00,1.00
2015.10.19 19:07:06.071,1.06688,1.06714,2.25,1.00
2015.10.19 19:07:06.475,1.0669,1.06714,1.00,1.00
2015.10.19 19:07:08.787,1.0669,1.06715,1.50,1.00
2015.10.19 19:07:11.029,1.06689,1.06715,1.50,1.00
2015.10.19 19:07:11.571,1.0669,1.06715,1.00,1.00
2015.10.19 19:07:14.506,1.0669,1.06713,1.00,1.00
2015.10.19 19:07:20.721,1.0669,1.06712,1.00,1.00
2015.10.19 19:07:22.824,1.06689,1.06712,1.00,1.00
2015.10.19 19:07:26.111,1.06689,1.06716,1.00,1.37
2015.10.19 19:07:26.617,1.0669,1.06716,1.00,1.37
2015.10.19 19:07:28.103,1.06693,1.06716,1.00,1.37
2015.10.19 19:07:36.361,1.06691,1.06715,1.00,1.12
2015.10.19 19:07:36.463,1.06694,1.06715,1.00,1.12
2015.10.19 19:07:37.580,1.06694,1.06714,1.00,1.00
2015.10.19 19:07:38.604,1.06693,1.06714,1.00,1.00
2015.10.19 19:07:38.812,1.06691,1.06714,1.00,1.00
2015.10.19 19:07:39.535,1.0669,1.06714,1.00,1.00
2015.10.19 19:07:40.057,1.06688,1.06714,1.50,1.00
2015.10.19 19:07:40.159,1.06691,1.06714,1.00,1.00
2015.10.19 19:07:42.775,1.06691,1.06712,1.00,1.00
2015.10.19 19:07:45.965,1.06691,1.06703,1.00,1.00
2015.10.19 19:07:46.016,1.06684,1.06703,1.00,1.00
2015.10.19 19:07:46.522,1.06685,1.06703,1.00,1.00
2015.10.19 19:07:46.940,1.06684,1.06709,1.00,1.50
2015.10.19 19:07:47.609,1.06687,1.06708,1.00,1.00
2015.10.19 19:07:47.660,1.06688,1.06712,1.00,1.00
2015.10.19 19:07:53.396,1.06688,1.06711,1.00,1.00
2015.10.19 19:07:54.204,1.06687,1.06711,1.00,1.00
2015.10.19 19:07:55.619,1.06685,1.06711,1.50,1.00
2015.10.19 19:07:58.232,1.06687,1.06711,1.00,1.00
2015.10.19 19:08:02.667,1.06688,1.06711,1.00,1.00
2015.10.19 19:08:03.559,1.06688,1.06712,1.00,1.00
2015.10.19 19:08:04.068,1.06692,1.06712,1.00,1.00
2015.10.19 19:08:05.302,1.06691,1.06712,1.00,1.00
2015.10.19 19:08:13.801,1.06691,1.06712,1.60,1.00
2015.10.19 19:08:14.105,1.06694,1.06712,1.00,1.00
2015.10.19 19:08:15.619,1.06696,1.06713,1.00,1.00
2015.10.19 19:08:16.158,1.06695,1.06713,1.00,1.00
2015.10.19 19:08:17.600,1.06697,1.06713,1.00,1.00
2015.10.19 19:08:19.110,1.06694,1.06713,1.00,1.00
2015.10.19 19:08:20.221,1.06697,1.06713,1.00,1.00
2015.10.19 19:08:21.275,1.06697,1.06714,1.00,1.00
2015.10.19 19:08:21.686,1.06695,1.06714,1.00,1.00
2015.10.19 19:08:23.643,1.06697,1.06714,1.00,1.00
2015.10.19 19:08:23.846,1.06698,1.06716,1.00,1.00
2015.10.19 19:08:23.898,1.06698,1.06719,1.00,1.00
2015.10.19 19:08:24.000,1.06698,1.06722,1.00,1.00
2015.10.19 19:08:24.102,1.067,1.06722,1.00,1.00
2015.10.19 19:08:24.718,1.06712,1.06731,1.00,1.50
2015.10.19 19:08:33.990,1.06715,1.0673,1.00,1.00
2015.10.19 19:08:36.957,1.06715,1.06728,1.00,1.00
2015.10.19 19:08:40.487,1.06715,1.06732,1.00,1.00
2015.10.19 19:08:42.979,1.06715,1.06733,1.00,1.00
2015.10.19 19:08:43.670,1.06715,1.0673,1.00,1.00
2015.10.19 19:08:44.930,1.06715,1.06729,1.00,1.00
2015.10.19 19:08:44.982,1.06715,1.06733,1.00,1.00
2015.10.19 19:08:48.041,1.06715,1.06732,1.00,1.00
2015.10.19 19:08:55.898,1.06715,1.06729,1.00,1.00
2015.10.19 19:08:55.999,1.06704,1.06729,1.37,1.00
2015.10.19 19:08:57.366,1.06704,1.06726,1.37,1.00
2015.10.19 19:08:57.888,1.06708,1.06726,1.00,1.00
2015.10.19 19:08:57.990,1.06705,1.06726,1.12,1.00
2015.10.19 19:09:02.512,1.06705,1.06727,1.00,1.00
2015.10.19 19:09:10.544,1.06703,1.06727,1.00,1.00
2015.10.19 19:09:13.277,1.06703,1.06726,1.00,1.00
2015.10.19 19:09:17.045,1.06701,1.06726,1.00,1.00
2015.10.19 19:09:17.628,1.06702,1.06726,1.00,1.00
2015.10.19 19:09:18.840,1.06701,1.06726,1.00,1.00
2015.10.19 19:09:19.374,1.06702,1.06726,1.00,1.00
2015.10.19 19:09:20.996,1.06701,1.06726,1.00,1.00
2015.10.19 19:09:29.095,1.067,1.06726,1.00,1.00
2015.10.19 19:09:31.051,1.06702,1.06726,1.00,1.00
2015.10.19 19:09:31.203,1.067,1.06726,1.00,1.00
2015.10.19 19:09:31.268,1.06702,1.06726,1.00,1.00
2015.10.19 19:09:34.375,1.06702,1.06725,1.00,1.00
2015.10.19 19:09:40.039,1.06702,1.06727,1.00,1.00
2015.10.19 19:09:40.291,1.067,1.06727,1.50,1.00
2015.10.19 19:09:42.072,1.06702,1.06727,1.00,1.00
2015.10.19 19:09:48.949,1.06701,1.06727,1.00,1.00
2015.10.19 19:09:50.207,1.06704,1.06727,1.00,1.00
2015.10.19 19:09:50.308,1.06701,1.06727,1.00,1.00
2015.10.19 19:09:51.018,1.06702,1.06727,1.00,1.00
2015.10.19 19:09:52.608,1.06703,1.06727,1.00,1.00
2015.10.19 19:09:53.140,1.06701,1.06727,1.50,1.00
2015.10.19 19:09:56.019,1.06704,1.06727,1.00,1.00
2015.10.19 19:10:00.979,1.06704,1.06729,1.00,1.00
2015.10.19 19:10:21.666,1.06704,1.0673,1.00,1.00
2015.10.19 19:10:23.823,1.06704,1.0673,1.37,1.00
2015.10.19 19:10:26.937,1.06704,1.06729,1.37,1.00
2015.10.19 19:10:39.603,1.06704,1.06729,1.75,1.00
2015.10.19 19:10:45.297,1.06706,1.06732,1.00,1.00
2015.10.19 19:10:47.301,1.06706,1.06729,1.00,1.00
2015.10.19 19:10:53.250,1.06712,1.06737,1.00,1.00
2015.10.19 19:10:53.756,1.06712,1.06738,1.00,1.00
2015.10.19 19:10:59.036,1.06712,1.06739,1.00,1.00
2015.10.19 19:10:59.947,1.06712,1.06741,1.75,1.00
2015.10.19 19:11:00.251,1.06707,1.06729,1.00,1.00
2015.10.19 19:11:00.302,1.06705,1.06729,1.50,1.00
2015.10.19 19:11:00.405,1.06702,1.06727,1.00,1.00
2015.10.19 19:11:00.924,1.06701,1.06727,1.20,1.00
2015.10.19 19:11:01.145,1.06704,1.06727,1.00,1.00
2015.10.19 19:11:01.247,1.067,1.06727,1.57,1.00
2015.10.19 19:11:04.307,1.067,1.0673,2.32,1.00
2015.10.19 19:11:18.196,1.06703,1.0673,1.00,1.00
2015.10.19 19:11:18.540,1.06708,1.06734,1.50,1.00
2015.10.19 19:11:18.844,1.06708,1.06734,2.25,1.00
2015.10.19 19:11:19.974,1.06708,1.06737,1.75,1.00
2015.10.19 19:11:20.126,1.0671,1.06739,2.25,1.00
2015.10.19 19:11:20.229,1.06714,1.06739,1.00,1.00
2015.10.19 19:11:20.848,1.0671,1.06738,1.50,1.00
2015.10.19 19:11:21.368,1.06713,1.06739,1.00,1.00
2015.10.19 19:11:25.242,1.06713,1.06736,1.00,1.00
2015.10.19 19:11:25.751,1.06713,1.06728,1.00,1.00
2015.10.19 19:11:25.806,1.06705,1.06728,1.00,1.00
2015.10.19 19:11:25.958,1.06705,1.06731,1.00,1.00
2015.10.19 19:11:26.503,1.06704,1.06731,1.12,1.00
2015.10.19 19:11:27.224,1.06706,1.06731,1.00,1.00
2015.10.19 19:11:27.527,1.06706,1.06728,1.00,1.00
2015.10.19 19:11:29.338,1.06704,1.06728,1.12,1.00
2015.10.19 19:11:30.457,1.06706,1.06728,1.00,1.00
2015.10.19 19:11:31.592,1.06704,1.06728,1.12,1.00
2015.10.19 19:11:32.182,1.06705,1.06728,1.00,1.00
2015.10.19 19:11:33.285,1.06704,1.06728,1.12,1.00
2015.10.19 19:11:37.939,1.06705,1.06728,1.00,1.00
2015.10.19 19:11:39.270,1.06703,1.06728,1.37,1.00
2015.10.19 19:11:41.679,1.06701,1.06728,1.00,1.00
2015.10.19 19:11:43.404,1.06701,1.06727,1.00,1.00
2015.10.19 19:11:44.922,1.06701,1.06732,1.00,1.00
2015.10.19 19:11:44.973,1.06705,1.06734,1.00,1.50
2015.10.19 19:11:45.125,1.0671,1.0674,1.00,2.25
2015.10.19 19:11:45.277,1.0671,1.0674,1.37,1.50
2015.10.19 19:11:47.382,1.06712,1.0674,1.37,1.00
2015.10.19 19:11:47.896,1.06712,1.0674,1.00,1.00
2015.10.19 19:11:50.671,1.06712,1.06738,1.00,1.00
2015.10.19 19:11:59.913,1.06712,1.06742,1.00,1.00
2015.10.19 19:12:00.014,1.06716,1.06744,1.37,1.00
2015.10.19 19:12:00.591,1.06712,1.06739,1.00,1.00
2015.10.19 19:12:01.097,1.06709,1.06739,2.25,1.50
2015.10.19 19:12:01.350,1.06709,1.06739,1.00,1.87
2015.10.19 19:12:02.509,1.06709,1.06736,1.00,1.00
2015.10.19 19:12:05.292,1.06709,1.06734,1.00,1.00
2015.10.19 19:12:08.295,1.06709,1.06731,1.00,1.00
2015.10.19 19:12:11.986,1.06705,1.06731,1.75,1.00
2015.10.19 19:12:14.049,1.06705,1.06731,1.00,1.00
2015.10.19 19:12:14.777,1.06705,1.06731,1.00,1.50
2015.10.19 19:12:14.828,1.06707,1.06731,1.00,1.50
2015.10.19 19:12:14.879,1.06702,1.06731,1.00,1.50
2015.10.19 19:12:14.930,1.06703,1.06731,1.50,1.00
2015.10.19 19:12:15.235,1.06697,1.06726,2.25,1.00
2015.10.19 19:12:15.591,1.06699,1.06726,1.00,1.00
2015.10.19 19:12:16.419,1.06697,1.06726,2.25,1.00
2015.10.19 19:12:22.747,1.06697,1.06727,2.25,1.00
2015.10.19 19:12:28.029,1.06697,1.06725,1.50,1.00
2015.10.19 19:12:30.154,1.06699,1.06728,1.00,1.00
2015.10.19 19:12:31.747,1.06699,1.06725,1.00,1.00
2015.10.19 19:12:36.958,1.06699,1.06724,1.12,1.00
2015.10.19 19:12:37.807,1.06703,1.06724,1.00,1.00
2015.10.19 19:12:39.525,1.06701,1.06724,1.00,1.00
2015.10.19 19:12:40.858,1.06699,1.06724,1.87,1.00
2015.10.19 19:12:42.015,1.06699,1.06726,1.87,1.00
2015.10.19 19:12:43.815,1.067,1.06726,1.00,1.00
2015.10.19 19:12:45.423,1.06699,1.06721,1.00,1.00
2015.10.19 19:12:47.555,1.06698,1.06721,1.00,1.00
2015.10.19 19:12:50.290,1.06698,1.0672,1.00,1.00
2015.10.19 19:12:51.733,1.06696,1.0672,1.00,1.00
2015.10.19 19:12:51.844,1.06698,1.0672,1.00,1.00
2015.10.19 19:12:55.638,1.06697,1.0672,1.00,1.00
2015.10.19 19:12:56.141,1.06698,1.06721,1.00,1.00
2015.10.19 19:12:56.952,1.06697,1.06721,1.00,1.00
2015.10.19 19:13:01.274,1.06697,1.06724,1.00,1.12
2015.10.19 19:13:02.389,1.06697,1.06724,1.87,1.00
2015.10.19 19:13:02.440,1.067,1.06724,1.00,1.00
2015.10.19 19:13:03.295,1.06697,1.06724,1.50,1.00
2015.10.19 19:13:03.397,1.06697,1.06722,1.50,1.00
2015.10.19 19:13:04.427,1.06694,1.06719,1.37,1.12
2015.10.19 19:13:04.478,1.06689,1.06716,1.00,1.00
2015.10.19 19:13:06.404,1.0669,1.06716,1.00,1.00
2015.10.19 19:13:13.657,1.06689,1.06716,1.00,1.00
2015.10.19 19:13:17.663,1.06689,1.06714,1.00,1.00
2015.10.19 19:13:27.353,1.06692,1.06718,1.00,1.00
2015.10.19 19:13:27.556,1.06696,1.06722,1.00,1.00
2015.10.19 19:13:27.859,1.06693,1.06716,1.00,1.00
2015.10.19 19:13:28.011,1.0669,1.06716,1.50,1.00
2015.10.19 19:13:37.370,1.0669,1.06715,1.00,1.00
2015.10.19 19:13:43.514,1.0669,1.06714,1.00,1.00
2015.10.19 19:13:44.993,1.0669,1.06717,1.00,1.00
2015.10.19 19:13:45.517,1.06691,1.06717,1.00,1.00
2015.10.19 19:13:46.123,1.0669,1.06717,1.00,1.00
2015.10.19 19:13:50.798,1.0669,1.06715,1.00,1.00
2015.10.19 19:13:59.966,1.06691,1.06715,1.12,1.00
2015.10.19 19:14:01.029,1.0669,1.06715,1.00,1.00
2015.10.19 19:14:01.186,1.06688,1.06715,1.00,1.00
2015.10.19 19:14:02.652,1.06688,1.06713,1.00,1.00
2015.10.19 19:14:04.475,1.06703,1.06713,1.00,1.00
2015.10.19 19:14:07.103,1.06689,1.06713,1.00,1.00
2015.10.19 19:14:07.154,1.06689,1.0671,1.00,1.00
2015.10.19 19:14:12.356,1.06689,1.06711,1.00,1.00
2015.10.19 19:14:15.113,1.06689,1.06712,1.00,1.00
2015.10.19 19:14:15.447,1.06691,1.06712,1.00,1.00
2015.10.19 19:14:15.948,1.0669,1.06712,1.00,1.00
2015.10.19 19:14:18.859,1.06689,1.06712,1.00,1.00
2015.10.19 19:14:20.382,1.06689,1.06711,1.00,1.00
2015.10.19 19:14:24.267,1.0669,1.06711,1.00,1.00
2015.10.19 19:14:25.358,1.06689,1.06711,1.00,1.00
2015.10.19 19:14:26.200,1.06689,1.06712,1.00,1.00
2015.10.19 19:14:31.547,1.06689,1.06709,1.00,1.00
2015.10.19 19:14:31.851,1.06689,1.06707,1.00,1.00
2015.10.19 19:14:32.161,1.06688,1.06703,1.00,1.00
2015.10.19 19:14:37.106,1.06688,1.06702,1.00,1.00
2015.10.19 19:14:45.110,1.06688,1.0671,1.00,1.00
2015.10.19 19:14:46.292,1.06688,1.06708,1.00,1.00
2015.10.19 19:14:47.320,1.06688,1.06705,1.00,1.00
2015.10.19 19:14:58.515,1.06688,1.06703,1.00,1.00
2015.10.19 19:15:00.090,1.06685,1.06703,1.50,1.00
2015.10.19 19:15:03.971,1.06685,1.06704,1.50,1.00
2015.10.19 19:15:09.212,1.06685,1.06703,1.50,1.00
2015.10.19 19:15:20.027,1.06685,1.06704,1.50,1.00
2015.10.19 19:15:25.125,1.06685,1.06703,1.50,1.00
2015.10.19 19:15:27.495,1.06685,1.06702,1.50,1.00
2015.10.19 19:15:30.017,1.06685,1.06703,1.50,1.00
2015.10.19 19:15:31.867,1.06685,1.06701,1.00,1.00
2015.10.19 19:15:35.135,1.06684,1.06701,1.00,1.00
2015.10.19 19:15:36.742,1.06684,1.06699,1.00,1.00
2015.10.19 19:15:41.926,1.06685,1.06699,1.00,1.00
2015.10.19 19:15:44.912,1.06685,1.06702,1.00,1.50
2015.10.19 19:15:45.064,1.06686,1.06705,1.00,1.50
2015.10.19 19:15:45.165,1.06686,1.06708,1.00,1.00
2015.10.19 19:15:45.617,1.06689,1.06703,1.00,1.00
2015.10.19 19:15:46.600,1.06685,1.06703,1.00,1.00
2015.10.19 19:15:46.913,1.06685,1.067,1.00,1.00
2015.10.19 19:15:54.831,1.06684,1.067,1.50,1.00
2015.10.19 19:15:59.921,1.06685,1.067,1.00,1.00
2015.10.19 19:16:00.173,1.06687,1.06704,1.00,1.00
2015.10.19 19:16:00.224,1.06687,1.06707,1.00,1.00
2015.10.19 19:16:00.376,1.06687,1.06713,1.35,1.00
2015.10.19 19:16:00.427,1.0669,1.06716,1.00,1.50
2015.10.19 19:16:00.884,1.06709,1.06727,1.00,1.00
2015.10.19 19:16:01.290,1.06709,1.06724,1.00,1.00
2015.10.19 19:16:01.830,1.06709,1.06725,1.00,1.00
2015.10.19 19:16:08.066,1.06709,1.06728,1.00,1.00
2015.10.19 19:16:08.117,1.06709,1.06718,1.00,1.00
2015.10.19 19:16:08.655,1.06708,1.06715,1.00,1.00
2015.10.19 19:16:09.050,1.06702,1.06715,1.00,1.00
2015.10.19 19:16:09.480,1.06702,1.06718,1.00,1.00
2015.10.19 19:16:10.024,1.06702,1.06717,1.00,1.00
2015.10.19 19:16:15.209,1.06702,1.06714,1.00,1.00
2015.10.19 19:16:20.105,1.06702,1.06716,1.00,1.00
2015.10.19 19:16:21.363,1.06702,1.06719,1.00,1.00
2015.10.19 19:16:22.020,1.06705,1.0672,1.00,1.00
2015.10.19 19:16:22.072,1.06705,1.06725,1.00,1.00
2015.10.19 19:16:22.577,1.06705,1.06726,1.00,1.00
2015.10.19 19:16:27.478,1.06705,1.06725,1.00,1.00
2015.10.19 19:16:33.163,1.06705,1.06726,1.00,1.00
2015.10.19 19:16:34.041,1.06705,1.06726,1.60,1.00
2015.10.19 19:16:34.092,1.06705,1.0673,2.85,1.00
2015.10.19 19:16:34.244,1.06711,1.06731,1.00,1.00
2015.10.19 19:16:35.046,1.06708,1.06728,1.00,1.00
2015.10.19 19:16:35.302,1.06708,1.06731,1.35,1.50
2015.10.19 19:16:35.353,1.06711,1.06731,1.00,1.50
2015.10.19 19:16:35.606,1.06708,1.06731,1.00,1.00
2015.10.19 19:16:36.155,1.06708,1.06728,1.00,1.00
2015.10.19 19:16:54.913,1.06708,1.06727,1.00,1.00
2015.10.19 19:16:58.444,1.06711,1.06736,1.00,1.50
2015.10.19 19:16:59.051,1.06712,1.06736,1.00,1.50
2015.10.19 19:17:02.495,1.06714,1.06741,1.50,1.50
2015.10.19 19:17:07.052,1.06715,1.06741,1.00,1.50
2015.10.19 19:17:07.614,1.06714,1.06741,1.50,1.50
2015.10.19 19:17:08.861,1.06714,1.0674,2.25,1.00
2015.10.19 19:17:10.583,1.06716,1.06741,1.00,1.50
2015.10.19 19:17:11.775,1.06716,1.06739,1.00,1.00
2015.10.19 19:17:11.876,1.06714,1.06738,1.50,1.00
2015.10.19 19:17:12.427,1.06711,1.06738,1.50,1.00
2015.10.19 19:17:12.691,1.06711,1.06733,1.00,1.00
2015.10.19 19:17:13.404,1.06711,1.06732,1.50,1.00
2015.10.19 19:17:15.745,1.06711,1.06732,1.37,1.00
2015.10.19 19:17:15.897,1.06711,1.06735,1.75,1.00
2015.10.19 19:17:15.948,1.06719,1.06735,1.00,1.00
2015.10.19 19:17:15.999,1.06722,1.06747,1.00,1.50
2015.10.19 19:17:16.050,1.06722,1.06747,1.37,1.12
2015.10.19 19:17:16.723,1.06722,1.06744,1.00,1.00
2015.10.19 19:17:16.824,1.06717,1.06744,1.12,1.00
2015.10.19 19:17:17.143,1.06717,1.0674,1.12,1.00
2015.10.19 19:17:17.749,1.06718,1.0674,1.00,1.00
2015.10.19 19:17:17.901,1.0672,1.06745,1.00,1.00
2015.10.19 19:17:18.053,1.06721,1.06745,1.87,1.00
2015.10.19 19:17:18.747,1.06721,1.06742,1.50,1.00
2015.10.19 19:17:18.901,1.06715,1.06738,1.00,1.00
2015.10.19 19:17:24.735,1.06715,1.06737,1.00,1.00
2015.10.19 19:17:33.941,1.06715,1.06741,1.00,1.00
2015.10.19 19:17:34.043,1.06719,1.06745,1.50,1.00
2015.10.19 19:17:34.346,1.06725,1.0675,1.00,1.00
2015.10.19 19:17:37.937,1.06725,1.06747,1.00,1.00
2015.10.19 19:17:44.543,1.06725,1.0675,1.00,1.00
2015.10.19 19:17:50.661,1.06725,1.06748,1.00,1.00
2015.10.19 19:17:56.311,1.06725,1.06746,1.00,1.00
2015.10.19 19:17:57.832,1.06725,1.06746,1.75,1.00
2015.10.19 19:17:57.919,1.06725,1.06749,1.75,1.00
2015.10.19 19:17:58.121,1.06726,1.06749,1.00,1.00
2015.10.19 19:17:58.576,1.06725,1.06747,1.00,1.50
2015.10.19 19:17:58.778,1.06722,1.06747,1.50,1.00
2015.10.19 19:18:00.361,1.06722,1.06744,1.50,1.00
2015.10.19 19:18:00.664,1.06717,1.06736,1.75,1.00
2015.10.19 19:18:00.765,1.06716,1.06736,1.75,1.00
2015.10.19 19:18:00.968,1.06716,1.06736,1.00,1.00
2015.10.19 19:18:13.983,1.06722,1.06738,1.00,1.00
2015.10.19 19:18:14.084,1.06722,1.06741,1.00,1.00
2015.10.19 19:18:14.186,1.06722,1.06746,1.37,1.00
2015.10.19 19:18:14.815,1.06723,1.06747,1.12,1.00
2015.10.19 19:18:21.934,1.06726,1.06747,1.00,1.00
2015.10.19 19:18:22.416,1.06732,1.06753,1.00,1.00
2015.10.19 19:18:22.906,1.0673,1.06752,1.00,1.00
2015.10.19 19:18:23.424,1.06729,1.06752,1.12,1.00
2015.10.19 19:18:32.194,1.06727,1.06746,1.50,1.00
2015.10.19 19:18:34.290,1.06728,1.06751,1.12,1.00
2015.10.19 19:18:46.166,1.0673,1.06752,1.50,1.00
2015.10.19 19:18:46.318,1.06727,1.06751,2.25,1.00
2015.10.19 19:18:50.065,1.06733,1.06751,1.00,1.00
2015.10.19 19:18:50.518,1.06728,1.06752,1.12,1.00
2015.10.19 19:19:01.988,1.06728,1.06755,1.12,1.00
2015.10.19 19:19:02.039,1.0673,1.06755,1.00,1.00
2015.10.19 19:19:02.191,1.06734,1.06762,1.50,1.50
2015.10.19 19:19:02.759,1.06726,1.06754,1.00,1.00
2015.10.19 19:19:03.563,1.06724,1.06754,1.12,1.50
2015.10.19 19:19:09.536,1.06724,1.06753,1.12,1.00
2015.10.19 19:19:09.690,1.06724,1.06748,1.00,1.00
2015.10.19 19:19:09.892,1.06724,1.06753,1.00,1.12
2015.10.19 19:19:14.241,1.06724,1.06754,1.50,1.00
2015.10.19 19:19:20.072,1.06726,1.06755,1.00,1.00
2015.10.19 19:19:23.823,1.06726,1.06754,1.00,1.00
2015.10.19 19:19:23.924,1.06726,1.06749,1.00,1.00
2015.10.19 19:19:29.531,1.06726,1.06751,1.00,1.00
2015.10.19 19:19:36.359,1.06726,1.06749,1.00,1.00
2015.10.19 19:19:36.914,1.06726,1.0675,1.00,1.00
2015.10.19 19:19:37.772,1.06726,1.06749,1.00,1.00
2015.10.19 19:19:38.770,1.06726,1.06748,1.00,1.00
2015.10.19 19:19:38.821,1.06723,1.06746,1.00,1.00
2015.10.19 19:19:38.872,1.06717,1.06742,2.25,1.00
2015.10.19 19:19:38.973,1.06714,1.06737,1.50,1.00
2015.10.19 19:19:39.176,1.06714,1.06729,1.00,1.00
2015.10.19 19:19:39.853,1.06717,1.06746,1.00,1.12
2015.10.19 19:19:40.979,1.06717,1.06744,1.00,1.00
2015.10.19 19:19:51.448,1.06717,1.06745,1.00,1.00
2015.10.19 19:19:51.549,1.06714,1.06743,1.12,1.00
2015.10.19 19:19:51.988,1.06713,1.06746,2.62,1.87
2015.10.19 19:19:53.924,1.06713,1.06744,1.87,1.00
2015.10.19 19:19:54.228,1.06712,1.06741,1.00,2.25
2015.10.19 19:19:55.281,1.06712,1.06741,1.00,2.25
2015.10.19 19:19:55.635,1.06712,1.06741,1.00,1.10
2015.10.19 19:19:55.838,1.06714,1.06742,1.00,1.20
2015.10.19 19:19:58.517,1.06714,1.06745,1.00,1.57
2015.10.19 19:20:03.890,1.06714,1.06742,1.00,1.00
2015.10.19 19:20:15.218,1.06714,1.0674,1.00,1.00
2015.10.19 19:20:20.068,1.06714,1.06742,1.00,1.00
2015.10.19 19:20:36.024,1.06714,1.06741,1.00,1.00
2015.10.19 19:20:41.040,1.06714,1.0674,1.00,1.00
2015.10.19 19:20:41.395,1.06714,1.0674,1.37,1.00
2015.10.19 19:20:41.446,1.06714,1.06743,1.75,1.00
2015.10.19 19:20:41.648,1.06717,1.06745,1.00,1.00
2015.10.19 19:20:42.186,1.06717,1.06746,1.00,1.00
2015.10.19 19:20:44.643,1.06723,1.06746,1.00,1.00
2015.10.19 19:20:44.846,1.06721,1.06746,1.50,1.00
2015.10.19 19:20:44.897,1.06721,1.06749,1.50,1.00
2015.10.19 19:20:45.455,1.06723,1.06752,1.50,1.00
2015.10.19 19:20:45.809,1.06725,1.06755,1.00,1.50
2015.10.19 19:20:47.127,1.06725,1.06755,2.62,1.50
2015.10.19 19:20:51.050,1.06725,1.06756,1.75,1.00
2015.10.19 19:20:59.009,1.06726,1.06755,1.37,1.00
2015.10.19 19:20:59.162,1.06725,1.06755,1.00,1.00
2015.10.19 19:21:00.815,1.06725,1.06751,1.00,1.00
2015.10.19 19:21:00.968,1.06726,1.06753,1.00,1.00
2015.10.19 19:21:01.538,1.06727,1.06753,1.00,1.00
2015.10.19 19:21:01.734,1.06727,1.06745,1.00,1.00
2015.10.19 19:21:01.836,1.06724,1.06745,1.50,1.00
2015.10.19 19:21:02.292,1.06722,1.06745,1.00,1.00
2015.10.19 19:21:02.343,1.06719,1.06749,1.50,1.37
2015.10.19 19:21:02.394,1.06719,1.06749,2.25,1.00
2015.10.19 19:21:02.445,1.06719,1.06749,2.62,1.00
2015.10.19 19:21:02.876,1.06722,1.0674,1.00,1.00
2015.10.19 19:21:02.977,1.06719,1.0674,1.00,1.00
2015.10.19 19:21:03.135,1.06716,1.0674,1.50,1.00
2015.10.19 19:21:04.647,1.06717,1.06748,1.37,1.00
2015.10.19 19:21:04.850,1.06722,1.06749,1.37,1.00
2015.10.19 19:21:04.901,1.06723,1.06753,1.50,1.50
2015.10.19 19:21:05.104,1.06726,1.06753,1.00,1.50
2015.10.19 19:21:05.357,1.06724,1.06753,1.12,2.25
2015.10.19 19:21:05.863,1.06725,1.06753,1.50,1.00
2015.10.19 19:21:06.425,1.06725,1.06745,1.00,1.00
2015.10.19 19:21:06.632,1.06717,1.06742,1.50,1.00
2015.10.19 19:21:06.683,1.06717,1.06739,1.50,1.00
2015.10.19 19:21:07.289,1.06719,1.06739,1.00,1.00
2015.10.19 19:21:07.615,1.06719,1.06742,1.00,1.00
2015.10.19 19:21:07.869,1.06717,1.06742,1.00,1.00
2015.10.19 19:21:07.971,1.06717,1.06744,1.12,1.00
2015.10.19 19:21:08.384,1.06719,1.06744,1.00,1.00
2015.10.19 19:21:08.688,1.06723,1.06747,1.00,1.00
2015.10.19 19:21:09.891,1.06723,1.0675,1.00,1.00
2015.10.19 19:21:10.370,1.06722,1.06747,1.00,1.00
2015.10.19 19:21:10.895,1.0672,1.06747,1.37,1.00
2015.10.19 19:21:12.820,1.06722,1.06747,1.00,1.00
2015.10.19 19:21:14.786,1.06723,1.06748,1.00,1.00
2015.10.19 19:21:15.387,1.06723,1.06749,1.00,1.00
2015.10.19 19:21:16.394,1.06722,1.06749,1.00,1.00
2015.10.19 19:21:16.973,1.06723,1.06749,1.00,1.00
2015.10.19 19:21:17.478,1.06722,1.06749,1.00,1.00
2015.10.19 19:21:18.089,1.06723,1.06749,1.00,1.00
2015.10.19 19:21:19.615,1.06724,1.06749,1.00,1.00
2015.10.19 19:21:20.288,1.06724,1.06751,1.00,1.00
2015.10.19 19:21:20.599,1.06722,1.06751,1.00,1.00
2015.10.19 19:21:23.602,1.06723,1.06751,1.00,1.00
2015.10.19 19:21:26.932,1.06723,1.06753,1.00,1.87
2015.10.19 19:21:30.978,1.06724,1.06753,1.00,1.87
2015.10.19 19:21:36.361,1.06723,1.06753,1.00,1.87
2015.10.19 19:21:42.067,1.06723,1.06753,1.37,1.00
2015.10.19 19:21:42.168,1.06725,1.06756,1.12,1.50
2015.10.19 19:21:45.091,1.06727,1.06756,1.37,1.50
2015.10.19 19:21:45.597,1.06725,1.06757,1.00,1.50
2015.10.19 19:21:46.613,1.06725,1.06753,1.00,1.00
2015.10.19 19:21:54.379,1.06735,1.06753,1.37,1.00
2015.10.19 19:21:54.431,1.06736,1.06766,1.75,1.50
2015.10.19 19:22:00.028,1.06738,1.06769,1.37,1.00
2015.10.19 19:22:00.180,1.06738,1.06767,2.62,1.00
2015.10.19 19:22:05.490,1.06738,1.06769,1.37,1.50
2015.10.19 19:22:05.542,1.0674,1.06769,1.75,1.00
2015.10.19 19:22:06.366,1.0674,1.06766,1.75,1.00
2015.10.19 19:22:11.363,1.0674,1.06765,1.75,1.00
2015.10.19 19:22:13.269,1.0674,1.06768,1.75,1.00
2015.10.19 19:22:14.747,1.0674,1.06768,1.00,1.00
2015.10.19 19:22:42.075,1.06744,1.06771,1.50,1.00
2015.10.19 19:22:42.624,1.06745,1.06771,1.00,1.00
2015.10.19 19:22:47.285,1.06745,1.06772,1.00,1.12
2015.10.19 19:22:56.613,1.06744,1.06772,1.00,1.00
2015.10.19 19:22:58.056,1.06745,1.06772,1.00,1.00
2015.10.19 19:22:58.830,1.06745,1.06771,1.00,1.00
2015.10.19 19:23:01.059,1.06744,1.06771,1.50,1.00
2015.10.19 19:23:01.598,1.06745,1.06771,1.00,1.00
2015.10.19 19:23:04.977,1.06745,1.06772,1.00,1.00
2015.10.19 19:23:10.946,1.06745,1.0677,1.50,1.00
2015.10.19 19:23:17.730,1.06744,1.0677,2.25,1.00
2015.10.19 19:23:25.040,1.06745,1.0677,1.00,1.00
2015.10.19 19:23:26.989,1.06744,1.06772,1.00,1.00
2015.10.19 19:23:27.950,1.06745,1.06772,1.00,1.00
2015.10.19 19:23:38.482,1.06745,1.0677,1.00,1.00
2015.10.19 19:23:40.538,1.06744,1.0677,1.50,1.00
2015.10.19 19:23:44.299,1.06744,1.06771,1.50,1.00
2015.10.19 19:23:50.369,1.06744,1.06772,1.00,1.00
2015.10.19 19:23:51.277,1.06744,1.06772,2.25,1.00
2015.10.19 19:23:52.771,1.06744,1.06772,2.85,1.00
2015.10.19 19:23:53.075,1.0676,1.06783,1.00,2.25
2015.10.19 19:23:53.177,1.06753,1.06783,1.12,1.50
2015.10.19 19:23:53.228,1.06753,1.0678,1.12,1.00
2015.10.19 19:23:53.481,1.06747,1.06777,1.00,1.00
2015.10.19 19:23:53.950,1.06749,1.06778,1.00,1.00
2015.10.19 19:23:54.558,1.06747,1.06773,1.00,1.00
2015.10.19 19:23:59.723,1.06747,1.06771,1.00,1.00
2015.10.19 19:24:04.492,1.06745,1.06771,1.00,1.00
2015.10.19 19:24:08.674,1.06746,1.06771,1.00,1.00
2015.10.19 19:24:27.939,1.06747,1.06771,1.00,1.00
2015.10.19 19:24:36.578,1.06747,1.06768,1.00,1.00
2015.10.19 19:24:45.200,1.06746,1.06768,1.00,1.00
2015.10.19 19:24:45.511,1.06746,1.06765,1.00,1.00
2015.10.19 19:24:46.379,1.06747,1.06765,1.00,1.00
2015.10.19 19:24:52.016,1.06747,1.06767,1.00,1.00
2015.10.19 19:24:52.548,1.06746,1.06767,1.00,1.00
2015.10.19 19:24:58.485,1.06746,1.06765,1.00,1.00
2015.10.19 19:25:07.894,1.06747,1.06765,1.00,1.00
2015.10.19 19:25:13.815,1.06747,1.06767,1.00,1.00
2015.10.19 19:25:13.917,1.0675,1.06767,1.00,1.00
2015.10.19 19:25:14.962,1.06746,1.06765,1.00,1.00
2015.10.19 19:25:15.168,1.06744,1.06765,1.00,1.00
2015.10.19 19:25:17.565,1.06744,1.06768,1.00,1.00
2015.10.19 19:25:18.076,1.06745,1.06768,1.00,1.00
2015.10.19 19:25:19.295,1.06744,1.06768,1.50,1.00
2015.10.19 19:25:19.634,1.06746,1.06768,1.00,1.00
2015.10.19 19:25:21.183,1.06747,1.06768,1.00,1.00
2015.10.19 19:25:21.396,1.06749,1.06772,1.00,1.00
2015.10.19 19:25:22.501,1.06751,1.06772,1.00,1.00
2015.10.19 19:25:22.804,1.06749,1.06769,1.00,1.00
2015.10.19 19:25:23.352,1.0675,1.06769,1.00,1.00
2015.10.19 19:25:24.384,1.06748,1.06769,1.00,1.00
2015.10.19 19:25:24.434,1.06746,1.06766,1.00,1.00
2015.10.19 19:25:24.838,1.06744,1.06766,1.00,1.00
2015.10.19 19:25:25.572,1.0675,1.06766,1.00,1.00
2015.10.19 19:25:28.694,1.06753,1.06772,1.00,1.00
2015.10.19 19:25:33.596,1.06751,1.06772,1.50,1.00
2015.10.19 19:25:34.179,1.06751,1.06771,1.50,1.00
2015.10.19 19:25:34.717,1.06753,1.06771,1.00,1.00
2015.10.19 19:25:35.814,1.06751,1.06771,1.00,1.00
2015.10.19 19:25:37.459,1.06752,1.06771,1.00,1.00
2015.10.19 19:25:38.130,1.06751,1.06771,1.00,1.00
2015.10.19 19:25:39.146,1.0675,1.0677,1.50,1.00
2015.10.19 19:25:40.008,1.06752,1.0677,1.00,1.00
2015.10.19 19:25:42.966,1.0675,1.0677,1.50,1.00
2015.10.19 19:25:43.940,1.06752,1.06773,1.00,1.00
2015.10.19 19:25:44.931,1.06751,1.06773,1.00,1.00
2015.10.19 19:25:46.332,1.06753,1.06773,1.00,1.00
2015.10.19 19:25:48.365,1.0675,1.06773,1.50,1.00
2015.10.19 19:25:49.613,1.0675,1.06772,1.50,1.00
2015.10.19 19:25:49.996,1.06753,1.06772,1.00,1.00
2015.10.19 19:25:50.107,1.06751,1.06772,1.00,1.00
2015.10.19 19:25:52.014,1.06753,1.06772,1.00,1.00
2015.10.19 19:25:54.169,1.0675,1.06772,1.50,1.00
2015.10.19 19:25:56.527,1.06752,1.06772,1.00,1.00
2015.10.19 19:25:57.182,1.06752,1.06773,1.00,1.00
2015.10.19 19:25:58.124,1.06751,1.06773,1.00,1.00
2015.10.19 19:25:59.715,1.0675,1.06773,1.50,1.00
2015.10.19 19:26:00.120,1.06752,1.06778,1.00,1.50
2015.10.19 19:26:00.637,1.06742,1.06771,1.87,1.00
2015.10.19 19:26:00.689,1.06742,1.06766,1.12,1.00
2015.10.19 19:26:06.043,1.06742,1.06772,1.12,1.50
2015.10.19 19:26:08.914,1.06745,1.06772,1.00,1.00
2015.10.19 19:26:09.690,1.06744,1.06772,1.50,1.00
2015.10.19 19:26:14.497,1.06745,1.06775,1.00,1.50
2015.10.19 19:26:20.209,1.06747,1.06777,1.00,2.25
2015.10.19 19:26:22.078,1.06746,1.06777,1.00,1.50
2015.10.19 19:26:22.129,1.06748,1.06777,1.00,1.00
2015.10.19 19:26:28.185,1.06747,1.06777,1.00,1.00
2015.10.19 19:26:30.582,1.0675,1.06777,1.00,1.00
2015.10.19 19:26:34.760,1.06759,1.06777,1.00,1.00
2015.10.19 19:26:36.192,1.06759,1.06783,1.00,1.00
2015.10.19 19:26:36.244,1.06764,1.06783,1.00,1.00
2015.10.19 19:26:45.360,1.06761,1.06783,1.00,1.00
2015.10.19 19:26:45.411,1.06761,1.06781,1.00,1.00
2015.10.19 19:26:45.513,1.06756,1.06777,1.00,1.00
2015.10.19 19:26:45.715,1.06756,1.06775,1.00,1.00
2015.10.19 19:26:46.264,1.06755,1.0678,1.00,1.00
2015.10.19 19:26:46.995,1.06752,1.0678,1.00,1.00
2015.10.19 19:26:47.146,1.06752,1.06777,1.00,1.00
2015.10.19 19:26:49.234,1.06755,1.0678,1.00,2.25
2015.10.19 19:26:49.336,1.06755,1.0678,1.00,1.50
2015.10.19 19:26:52.681,1.06755,1.0678,1.00,1.87
2015.10.19 19:26:52.987,1.06757,1.0678,1.00,2.25
2015.10.19 19:26:54.053,1.06757,1.0678,1.00,1.00
2015.10.19 19:26:58.024,1.06758,1.0678,1.00,1.50
2015.10.19 19:27:00.123,1.06761,1.0678,1.00,1.00
2015.10.19 19:27:00.325,1.06761,1.06782,1.00,1.00
2015.10.19 19:27:08.551,1.06761,1.06779,1.00,1.00
2015.10.19 19:27:08.602,1.06758,1.06779,1.00,1.00
2015.10.19 19:27:08.905,1.06758,1.06778,1.00,1.37
2015.10.19 19:27:08.956,1.06756,1.06777,1.00,1.37
2015.10.19 19:27:09.624,1.06756,1.06777,1.00,1.75
2015.10.19 19:27:14.284,1.06754,1.06776,1.00,1.50
2015.10.19 19:27:17.400,1.06755,1.06776,1.00,1.50
2015.10.19 19:27:17.452,1.06758,1.06775,1.00,1.12
2015.10.19 19:27:17.605,1.06758,1.06777,1.00,1.00
2015.10.19 19:27:18.155,1.0676,1.06779,1.00,1.12
2015.10.19 19:27:25.714,1.06763,1.06779,1.00,1.12
2015.10.19 19:27:26.189,1.06763,1.06783,1.00,1.12
2015.10.19 19:27:30.399,1.06765,1.06783,1.00,1.12
2015.10.19 19:27:48.207,1.06765,1.06782,1.00,1.00
2015.10.19 19:27:57.193,1.06765,1.06783,1.00,1.12
2015.10.19 19:28:06.074,1.06762,1.06785,1.00,2.40
2015.10.19 19:28:06.532,1.06762,1.0678,1.00,1.00
2015.10.19 19:28:13.625,1.06759,1.0678,1.00,1.00
2015.10.19 19:28:14.147,1.06759,1.0678,1.00,1.37
2015.10.19 19:28:24.207,1.06761,1.0678,1.00,1.37
2015.10.19 19:28:34.761,1.0676,1.0678,1.00,1.37
2015.10.19 19:28:36.601,1.06757,1.0678,1.00,1.37
2015.10.19 19:28:42.611,1.06758,1.0678,1.00,1.37
2015.10.19 19:28:42.977,1.06755,1.06778,1.00,1.00
2015.10.19 19:28:43.028,1.06755,1.06774,1.00,1.00
2015.10.19 19:28:43.230,1.06751,1.06774,1.00,1.00
2015.10.19 19:28:43.332,1.06751,1.06771,1.00,1.00
2015.10.19 19:28:43.433,1.06749,1.06771,1.00,1.00
2015.10.19 19:28:49.278,1.06751,1.06771,1.00,1.00
2015.10.19 19:28:53.970,1.06749,1.06771,1.00,1.00
2015.10.19 19:28:58.125,1.06749,1.06768,1.00,1.00
2015.10.19 19:28:58.379,1.06747,1.06768,1.00,1.50
2015.10.19 19:29:00.063,1.06748,1.06772,1.00,1.75
2015.10.19 19:29:00.114,1.0675,1.06772,1.00,1.75
2015.10.19 19:29:03.770,1.0675,1.06772,1.00,1.75
2015.10.19 19:29:03.872,1.0675,1.06772,1.00,1.50
2015.10.19 19:29:17.956,1.06749,1.06772,1.00,2.25
2015.10.19 19:29:22.077,1.06749,1.06769,1.00,1.00
2015.10.19 19:29:23.282,1.06748,1.06769,1.00,1.00
2015.10.19 19:29:26.620,1.06746,1.06769,1.00,1.00
2015.10.19 19:29:27.947,1.06749,1.06769,1.00,1.00
2015.10.19 19:29:30.400,1.06749,1.06771,1.00,1.50
2015.10.19 19:29:30.603,1.0675,1.06775,1.00,1.00
2015.10.19 19:29:30.755,1.06754,1.06778,1.00,1.37
2015.10.19 19:29:30.806,1.06754,1.06779,1.00,1.12
2015.10.19 19:29:30.959,1.06759,1.06779,1.00,1.12
2015.10.19 19:29:31.060,1.06759,1.06783,1.00,1.50
2015.10.19 19:29:31.111,1.06759,1.06785,1.00,1.87
2015.10.19 19:29:31.581,1.06762,1.06785,1.00,1.65
2015.10.19 19:29:32.237,1.06762,1.0678,1.00,1.00
2015.10.19 19:29:32.339,1.06759,1.0678,1.00,1.00
2015.10.19 19:29:38.871,1.06759,1.06783,1.00,1.00
2015.10.19 19:29:45.370,1.06762,1.06783,1.00,1.00
2015.10.19 19:29:50.848,1.06761,1.06783,1.00,1.00
2015.10.19 19:29:56.356,1.06762,1.06783,1.00,1.12
2015.10.19 19:30:01.690,1.06761,1.06783,1.00,1.12
2015.10.19 19:30:13.010,1.06759,1.06783,1.00,1.12
2015.10.19 19:30:29.207,1.06758,1.06783,1.00,1.00
2015.10.19 19:30:34.283,1.0676,1.06783,1.00,1.12
2015.10.19 19:30:38.848,1.06763,1.06785,1.00,1.65
2015.10.19 19:30:40.865,1.06764,1.06785,1.00,1.50
2015.10.19 19:30:42.890,1.06761,1.06785,1.00,1.50
2015.10.19 19:30:43.043,1.06764,1.06785,1.00,1.50
2015.10.19 19:30:49.082,1.06765,1.06787,1.00,1.75
2015.10.19 19:30:54.337,1.06765,1.06789,1.00,1.85
2015.10.19 19:30:54.985,1.06765,1.06789,1.00,1.85
2015.10.19 19:31:01.356,1.06761,1.06789,1.00,1.85
2015.10.19 19:31:07.041,1.06764,1.0679,1.00,1.85
2015.10.19 19:31:13.979,1.06764,1.06787,1.00,1.37
2015.10.19 19:31:29.059,1.06762,1.06787,1.00,1.75
2015.10.19 19:31:34.004,1.06762,1.06788,1.00,1.75
2015.10.19 19:31:34.332,1.06764,1.06788,1.00,1.75
2015.10.19 19:31:37.082,1.06758,1.06781,1.00,1.00
2015.10.19 19:31:37.133,1.06758,1.06777,1.00,1.00
2015.10.19 19:31:37.285,1.06754,1.06777,1.00,1.00
2015.10.19 19:31:37.636,1.06755,1.06775,1.00,1.00
2015.10.19 19:31:37.694,1.06755,1.06777,1.00,1.00
2015.10.19 19:31:38.765,1.06757,1.06777,1.00,1.00
2015.10.19 19:31:39.899,1.06757,1.06776,1.00,1.00
2015.10.19 19:31:43.870,1.06754,1.06776,1.00,1.00
2015.10.19 19:31:44.223,1.06754,1.06773,1.00,1.00
2015.10.19 19:31:45.249,1.06754,1.06772,1.00,1.00
2015.10.19 19:31:45.401,1.06754,1.06774,1.00,1.00
2015.10.19 19:31:46.335,1.0675,1.06774,1.00,1.00
2015.10.19 19:31:46.386,1.06754,1.06774,1.00,1.00
2015.10.19 19:31:48.335,1.06751,1.06774,1.00,1.00
2015.10.19 19:31:48.598,1.06753,1.06774,1.00,1.00
2015.10.19 19:31:54.091,1.06754,1.06774,1.00,1.00
2015.10.19 19:32:00.038,1.06753,1.06774,1.00,1.00
2015.10.19 19:32:16.860,1.06751,1.06774,1.00,1.00
2015.10.19 19:32:32.222,1.06752,1.06774,1.00,1.00
2015.10.19 19:32:37.214,1.06751,1.06774,1.00,1.00
2015.10.19 19:32:40.900,1.06749,1.06774,1.00,1.00
2015.10.19 19:32:45.670,1.06749,1.06779,1.00,1.75
2015.10.19 19:32:46.212,1.0675,1.06779,1.00,1.75
2015.10.19 19:33:02.209,1.06752,1.0678,1.00,1.75
2015.10.19 19:33:10.295,1.0675,1.0678,1.00,1.75
2015.10.19 19:33:14.943,1.06752,1.0678,1.00,1.82
2015.10.19 19:33:34.103,1.06752,1.06778,1.00,1.75
2015.10.19 19:33:43.233,1.06754,1.06779,1.00,1.85
2015.10.19 19:33:43.653,1.0675,1.06777,1.00,1.50
2015.10.19 19:33:44.539,1.06755,1.06777,1.00,1.50
2015.10.19 19:33:45.541,1.06751,1.06777,1.00,1.50
2015.10.19 19:33:46.038,1.06755,1.06777,1.00,1.50
2015.10.19 19:33:51.012,1.06754,1.06777,1.00,1.50
2015.10.19 19:33:53.569,1.06752,1.06777,1.00,1.50
2015.10.19 19:33:54.145,1.06752,1.06777,1.00,1.00
2015.10.19 19:33:54.963,1.06756,1.06777,1.00,1.00
2015.10.19 19:34:00.922,1.06755,1.06777,1.00,1.00
2015.10.19 19:34:06.906,1.06753,1.06777,1.00,1.00
2015.10.19 19:34:18.526,1.06754,1.06777,1.00,1.00
2015.10.19 19:34:23.807,1.06755,1.06777,1.00,1.00
2015.10.19 19:34:34.275,1.06755,1.0678,1.00,1.12
2015.10.19 19:34:46.322,1.06754,1.0678,1.00,1.12
2015.10.19 19:34:52.654,1.06755,1.0678,1.00,1.12
2015.10.19 19:34:58.409,1.06754,1.0678,1.00,1.12
2015.10.19 19:35:02.026,1.06754,1.06777,1.00,1.00
2015.10.19 19:35:04.103,1.06753,1.06777,1.00,1.00
2015.10.19 19:35:10.485,1.06754,1.06777,1.00,1.00
2015.10.19 19:35:18.906,1.06754,1.06778,1.00,1.12
2015.10.19 19:35:22.516,1.06755,1.06778,1.00,1.12
2015.10.19 19:35:41.575,1.06756,1.06778,1.00,1.00
2015.10.19 19:35:42.767,1.06755,1.06778,1.00,1.00
2015.10.19 19:35:44.075,1.06756,1.06778,1.00,1.00
2015.10.19 19:35:51.191,1.06757,1.06778,1.00,1.00
2015.10.19 19:36:03.218,1.06757,1.06779,1.00,1.00
2015.10.19 19:36:07.926,1.06757,1.06778,1.00,1.00
2015.10.19 19:36:11.795,1.06758,1.06778,1.00,1.00
2015.10.19 19:36:12.859,1.06758,1.06779,1.00,1.00
2015.10.19 19:36:20.082,1.06757,1.06779,1.00,1.00
2015.10.19 19:36:28.107,1.06756,1.06779,1.00,1.00
2015.10.19 19:36:43.584,1.06755,1.06779,1.50,1.00
2015.10.19 19:36:44.194,1.06755,1.06777,1.00,1.00
2015.10.19 19:36:44.878,1.06755,1.06776,1.00,1.00
2015.10.19 19:37:04.755,1.06755,1.06775,1.00,1.00
2015.10.19 19:37:10.535,1.06755,1.06779,1.00,1.00
2015.10.19 19:37:11.281,1.06756,1.06779,1.00,1.00
2015.10.19 19:37:14.783,1.06752,1.06779,1.00,1.00
2015.10.19 19:37:15.188,1.06752,1.06777,1.00,1.00
2015.10.19 19:37:15.556,1.0675,1.06778,1.00,1.00
2015.10.19 19:37:15.714,1.0675,1.06776,1.00,1.00
2015.10.19 19:37:17.037,1.06751,1.06779,1.00,1.75
2015.10.19 19:37:17.139,1.06751,1.06779,1.00,1.50
2015.10.19 19:37:20.280,1.06751,1.06776,1.00,1.00
2015.10.19 19:37:21.625,1.06751,1.06776,1.00,1.37
2015.10.19 19:37:22.137,1.06751,1.06775,1.00,1.57
2015.10.19 19:37:25.705,1.0675,1.06776,1.00,2.32
2015.10.19 19:37:28.175,1.06756,1.06776,1.00,1.85
2015.10.19 19:37:28.282,1.06753,1.0678,1.00,3.00
2015.10.19 19:37:28.383,1.06755,1.06778,1.00,1.12
2015.10.19 19:37:28.434,1.06753,1.06778,1.00,1.12
2015.10.19 19:37:29.518,1.06753,1.06778,1.00,1.37
2015.10.19 19:37:29.570,1.06753,1.06778,1.00,1.00
2015.10.19 19:37:34.024,1.0675,1.06778,1.50,1.10
2015.10.19 19:37:34.530,1.06751,1.06778,1.00,1.00
2015.10.19 19:37:39.052,1.06752,1.06778,1.00,1.00
2015.10.19 19:37:44.102,1.06753,1.06778,1.00,1.00
2015.10.19 19:37:45.417,1.06753,1.06777,1.00,1.00
2015.10.19 19:37:46.592,1.06753,1.06778,1.00,1.00
2015.10.19 19:37:49.278,1.06754,1.06778,1.00,1.00
2015.10.19 19:37:53.081,1.06756,1.06779,1.00,1.12
2015.10.19 19:37:53.964,1.06756,1.06781,1.00,2.25
2015.10.19 19:38:03.225,1.06754,1.06776,1.00,1.00
2015.10.19 19:38:15.232,1.06751,1.06776,1.00,1.00
2015.10.19 19:38:16.663,1.06753,1.06776,1.00,1.00
2015.10.19 19:38:17.643,1.06753,1.06776,1.00,1.37
2015.10.19 19:38:21.698,1.06752,1.06775,1.00,1.00
2015.10.19 19:38:23.808,1.06755,1.06775,1.00,1.00
2015.10.19 19:38:24.557,1.06755,1.06781,1.00,1.50
2015.10.19 19:38:28.861,1.06756,1.06781,1.00,1.50
2015.10.19 19:38:43.764,1.06756,1.06781,1.00,1.12
2015.10.19 19:38:44.917,1.06755,1.06781,1.00,1.00
2015.10.19 19:38:50.845,1.06756,1.06781,1.00,1.00
2015.10.19 19:39:01.144,1.06757,1.06781,1.00,1.00
2015.10.19 19:39:11.560,1.06755,1.06781,1.00,1.00
2015.10.19 19:39:22.089,1.06754,1.06781,1.00,1.00
2015.10.19 19:39:24.689,1.06754,1.06782,1.00,1.00
2015.10.19 19:39:29.802,1.06751,1.06781,1.00,1.37
2015.10.19 19:39:30.110,1.06748,1.06772,1.00,1.00
2015.10.19 19:39:30.845,1.06748,1.06774,1.00,1.00
2015.10.19 19:39:30.896,1.0675,1.06774,1.00,1.00
2015.10.19 19:39:37.833,1.0675,1.06773,1.00,1.10
2015.10.19 19:39:37.990,1.06748,1.06773,1.00,1.10
2015.10.19 19:39:43.716,1.06747,1.06774,1.00,1.07
2015.10.19 19:39:49.741,1.06746,1.06773,1.00,1.57
2015.10.19 19:40:00.426,1.06746,1.06772,1.00,1.00
2015.10.19 19:40:03.228,1.06748,1.06772,1.00,1.00
2015.10.19 19:40:04.289,1.06748,1.06775,1.00,1.50
2015.10.19 19:40:04.340,1.06748,1.06775,1.00,1.00
2015.10.19 19:40:05.355,1.06751,1.06775,1.00,1.00
2015.10.19 19:40:05.894,1.0675,1.06775,1.00,1.00
2015.10.19 19:40:08.037,1.06752,1.06775,1.00,1.00
2015.10.19 19:40:18.114,1.06752,1.06774,1.00,1.37
2015.10.19 19:40:18.165,1.06748,1.06773,1.00,1.50
2015.10.19 19:40:18.672,1.06747,1.06773,1.00,2.32
2015.10.19 19:40:19.193,1.06748,1.06773,1.00,1.00
2015.10.19 19:40:19.750,1.06752,1.06774,1.00,1.37
2015.10.19 19:40:20.266,1.06752,1.06774,1.00,1.00
2015.10.19 19:40:20.621,1.06748,1.06774,1.00,1.00
2015.10.19 19:40:21.160,1.06748,1.06775,1.00,1.00
2015.10.19 19:40:21.262,1.06748,1.06776,1.00,1.37
2015.10.19 19:40:21.414,1.06748,1.06776,1.00,1.00
2015.10.19 19:40:21.466,1.06748,1.06773,1.00,1.00
2015.10.19 19:40:22.023,1.06752,1.06773,1.00,1.00
2015.10.19 19:40:24.601,1.06749,1.06773,1.00,1.00
2015.10.19 19:40:25.204,1.0675,1.06773,1.00,1.00
2015.10.19 19:40:25.462,1.06749,1.06776,1.00,1.00
2015.10.19 19:40:26.615,1.06752,1.06776,1.00,1.00
2015.10.19 19:40:32.498,1.06754,1.06776,1.00,1.00
2015.10.19 19:40:34.240,1.06749,1.06776,1.00,1.00
2015.10.19 19:40:34.292,1.06749,1.06773,1.00,1.00
2015.10.19 19:40:34.818,1.06748,1.06773,1.00,1.00
2015.10.19 19:40:35.273,1.06751,1.06775,1.00,1.00
2015.10.19 19:40:35.577,1.06751,1.06772,1.00,1.00
2015.10.19 19:40:35.679,1.06751,1.06776,1.00,1.50
2015.10.19 19:40:36.536,1.06751,1.06778,1.00,1.50
2015.10.19 19:40:38.410,1.06751,1.06778,1.00,1.50
2015.10.19 19:40:38.746,1.06753,1.06774,1.00,1.00
2015.10.19 19:40:39.215,1.06753,1.06778,1.00,1.00
2015.10.19 19:40:59.430,1.06754,1.06778,1.00,1.00
2015.10.19 19:41:04.105,1.06753,1.06778,1.00,1.12
2015.10.19 19:41:05.288,1.06751,1.06778,1.00,1.12
2015.10.19 19:41:05.389,1.06751,1.06775,1.00,1.00
2015.10.19 19:41:08.156,1.06748,1.06772,1.00,1.00
2015.10.19 19:41:08.358,1.06748,1.06774,1.00,1.00
2015.10.19 19:41:09.228,1.06748,1.06771,1.00,1.00
2015.10.19 19:41:10.698,1.06752,1.06771,1.00,1.00
2015.10.19 19:41:10.750,1.06752,1.06777,1.00,1.75
2015.10.19 19:41:23.036,1.06753,1.06777,1.00,2.25
2015.10.19 19:41:24.412,1.06753,1.06777,1.00,2.25
2015.10.19 19:41:25.047,1.06753,1.06777,1.00,1.87
2015.10.19 19:41:29.089,1.06755,1.06777,1.00,1.12
2015.10.19 19:41:35.053,1.06753,1.06777,1.00,1.12
2015.10.19 19:41:40.379,1.06744,1.06777,1.87,1.87
2015.10.19 19:42:17.133,1.06743,1.06776,1.50,1.00
2015.10.19 19:42:17.184,1.06744,1.06769,1.12,1.00
2015.10.19 19:42:17.437,1.06742,1.06769,1.00,1.00
2015.10.19 19:42:17.488,1.06742,1.06771,1.00,1.00
2015.10.19 19:42:17.691,1.06742,1.06769,1.00,1.00
2015.10.19 19:42:17.995,1.0674,1.06766,1.00,1.00
2015.10.19 19:42:18.658,1.06739,1.06766,2.25,1.00
2015.10.19 19:42:24.464,1.06736,1.06765,1.12,1.00
2015.10.19 19:42:24.515,1.06735,1.06759,1.50,1.00
2015.10.19 19:42:24.818,1.06732,1.06755,1.00,1.00
2015.10.19 19:42:25.607,1.06731,1.06755,1.50,1.00
2015.10.19 19:42:26.915,1.06731,1.06753,1.50,1.00
2015.10.19 19:42:27.672,1.06728,1.06753,3.00,1.00
2015.10.19 19:42:27.775,1.06728,1.06753,1.50,1.00
2015.10.19 19:42:35.474,1.06727,1.06753,1.00,1.00
2015.10.19 19:42:35.525,1.06725,1.06752,1.00,1.00
2015.10.19 19:42:35.626,1.06725,1.0675,1.00,1.00
2015.10.19 19:42:35.961,1.06727,1.0675,1.00,1.12
2015.10.19 19:42:36.011,1.06727,1.06753,1.00,1.00
2015.10.19 19:42:36.113,1.06732,1.06753,1.00,1.00
2015.10.19 19:42:36.215,1.06732,1.06762,1.00,1.87
2015.10.19 19:42:37.042,1.06734,1.06762,1.00,1.87
2015.10.19 19:42:37.634,1.06733,1.06762,1.00,1.12
2015.10.19 19:42:38.156,1.06733,1.06763,1.87,1.00
2015.10.19 19:42:42.833,1.06736,1.06763,1.00,1.00
2015.10.19 19:42:50.469,1.06733,1.06761,1.00,1.12
2015.10.19 19:42:50.571,1.06731,1.06758,1.37,1.00
2015.10.19 19:42:50.622,1.0673,1.06758,1.00,1.00
2015.10.19 19:42:51.169,1.06729,1.06758,1.00,1.00
2015.10.19 19:42:53.354,1.06731,1.06758,1.00,1.00
2015.10.19 19:42:54.396,1.0673,1.06758,1.00,1.00
2015.10.19 19:42:54.859,1.0673,1.06754,1.00,1.00
2015.10.19 19:42:54.910,1.06725,1.06754,1.00,1.00
2015.10.19 19:42:54.961,1.06725,1.0675,1.00,1.00
2015.10.19 19:42:55.112,1.06723,1.0675,1.00,1.12
2015.10.19 19:42:55.364,1.06725,1.0675,1.00,1.12
2015.10.19 19:42:55.567,1.06722,1.0675,1.00,1.12
2015.10.19 19:42:56.653,1.06723,1.06753,1.00,1.00
2015.10.19 19:42:57.543,1.06722,1.06753,1.12,1.00
2015.10.19 19:42:57.868,1.06725,1.06755,1.00,2.25
2015.10.19 19:43:00.088,1.06725,1.06749,1.50,1.00
2015.10.19 19:43:01.083,1.06723,1.06749,1.00,1.00
2015.10.19 19:43:01.683,1.06723,1.06747,1.00,1.00
2015.10.19 19:43:02.185,1.06722,1.06747,1.00,1.00
2015.10.19 19:43:03.129,1.06723,1.06749,1.00,1.00
2015.10.19 19:43:07.699,1.06723,1.06746,1.00,1.00
2015.10.19 19:43:07.750,1.06721,1.06746,1.00,1.00
2015.10.19 19:43:08.243,1.06721,1.06749,1.00,1.50
2015.10.19 19:43:08.815,1.06721,1.06748,1.00,1.00
2015.10.19 19:43:09.407,1.06721,1.06749,1.00,1.00
2015.10.19 19:43:12.829,1.06722,1.06749,1.00,1.50
2015.10.19 19:43:15.076,1.06722,1.06749,1.00,1.87
2015.10.19 19:43:15.338,1.0672,1.06749,1.00,2.25
2015.10.19 19:43:16.780,1.06719,1.06749,1.50,1.75
2015.10.19 19:43:18.128,1.06719,1.06743,1.00,1.12
2015.10.19 19:43:18.179,1.06716,1.06743,1.00,1.12
2015.10.19 19:43:18.433,1.06722,1.06745,1.00,1.75
2015.10.19 19:43:18.737,1.06725,1.06745,1.00,1.75
2015.10.19 19:43:19.850,1.06725,1.06748,1.00,1.12
2015.10.19 19:43:20.002,1.0672,1.06749,1.00,2.25
2015.10.19 19:43:20.940,1.0672,1.06742,1.00,1.00
2015.10.19 19:43:20.991,1.06718,1.06742,1.00,1.00
2015.10.19 19:43:21.093,1.06716,1.06744,1.50,1.37
2015.10.19 19:43:22.510,1.0672,1.06747,1.00,1.37
2015.10.19 19:43:22.561,1.0672,1.0675,1.00,1.50
2015.10.19 19:43:22.827,1.06722,1.06753,1.00,1.75
2015.10.19 19:43:24.308,1.0672,1.0675,1.00,1.50
2015.10.19 19:43:24.410,1.0672,1.06745,1.50,1.00
2015.10.19 19:43:24.916,1.0672,1.06744,1.00,1.00
2015.10.19 19:43:25.118,1.06718,1.06745,1.00,1.00
2015.10.19 19:43:25.695,1.06717,1.06745,1.50,1.00
2015.10.19 19:43:26.531,1.06717,1.0674,1.50,1.00
2015.10.19 19:43:31.152,1.06717,1.06742,1.00,1.00
2015.10.19 19:43:31.971,1.06718,1.06742,1.00,1.00
2015.10.19 19:43:32.864,1.06718,1.06737,1.00,1.00
2015.10.19 19:43:34.725,1.06718,1.06741,1.00,1.00
2015.10.19 19:43:34.877,1.06721,1.06741,1.00,1.00
2015.10.19 19:43:34.928,1.06721,1.06746,1.00,1.50
2015.10.19 19:43:35.130,1.06721,1.06748,1.00,1.00
2015.10.19 19:43:36.948,1.06721,1.0675,1.00,1.50
2015.10.19 19:43:38.656,1.06721,1.0675,1.00,1.50
2015.10.19 19:43:40.285,1.06719,1.06742,1.00,1.00
2015.10.19 19:43:40.908,1.06721,1.06742,1.00,1.00
2015.10.19 19:43:44.188,1.06721,1.06747,1.00,1.00
2015.10.19 19:43:44.724,1.06722,1.0675,1.00,1.50
2015.10.19 19:43:46.718,1.0672,1.06747,1.00,2.25
2015.10.19 19:43:51.259,1.06722,1.0675,1.00,1.75
2015.10.19 19:43:51.311,1.06722,1.06752,1.00,2.32
2015.10.19 19:43:53.725,1.06725,1.06752,1.00,1.75
2015.10.19 19:43:58.771,1.06725,1.06753,1.00,1.87
2015.10.19 19:43:58.822,1.06727,1.06753,1.00,1.00
2015.10.19 19:44:04.009,1.06726,1.06753,1.00,1.00
2015.10.19 19:44:04.634,1.06731,1.06755,1.00,1.50
2015.10.19 19:44:04.786,1.06727,1.06755,1.00,1.50
2015.10.19 19:44:09.690,1.06727,1.06755,1.00,1.37
2015.10.19 19:44:09.742,1.06727,1.06754,1.00,1.50
2015.10.19 19:44:10.089,1.06729,1.06754,1.00,1.50
2015.10.19 19:44:13.663,1.06729,1.06755,1.00,1.00
2015.10.19 19:44:15.186,1.06729,1.06756,1.00,1.00
2015.10.19 19:44:15.729,1.0673,1.06756,1.00,1.00
2015.10.19 19:44:16.347,1.0673,1.06755,1.00,1.00
2015.10.19 19:44:28.836,1.06737,1.06755,1.00,1.00
2015.10.19 19:44:29.038,1.06734,1.06755,1.00,1.00
2015.10.19 19:44:31.033,1.06733,1.06755,1.00,1.00
2015.10.19 19:44:32.163,1.06732,1.06755,1.50,1.00
2015.10.19 19:44:32.892,1.06732,1.06756,1.00,1.00
2015.10.19 19:44:33.045,1.06728,1.06756,1.50,1.50
2015.10.19 19:44:33.096,1.06728,1.06753,1.00,1.37
2015.10.19 19:44:33.399,1.06725,1.06742,1.00,1.00
2015.10.19 19:44:35.183,1.06724,1.06742,1.00,1.00
2015.10.19 19:44:35.849,1.06725,1.06742,1.00,1.00
2015.10.19 19:44:36.102,1.06725,1.06744,1.00,1.00
2015.10.19 19:44:36.506,1.06725,1.06742,1.00,1.00
2015.10.19 19:44:37.232,1.06725,1.06741,1.00,1.00
2015.10.19 19:44:37.283,1.06723,1.06741,1.00,1.00
2015.10.19 19:44:37.333,1.06725,1.06741,1.00,1.00
2015.10.19 19:44:39.408,1.06723,1.06741,1.00,1.00
2015.10.19 19:44:39.460,1.06723,1.06749,1.50,1.12
2015.10.19 19:44:39.510,1.06725,1.06749,1.00,1.12
2015.10.19 19:44:39.612,1.06723,1.06749,1.00,1.12
2015.10.19 19:44:39.768,1.06726,1.06749,1.00,1.12
2015.10.19 19:44:42.392,1.06726,1.06742,1.50,1.00
2015.10.19 19:44:42.493,1.06724,1.06743,1.00,1.00
2015.10.19 19:44:43.102,1.06723,1.06743,1.00,1.00
2015.10.19 19:44:43.593,1.06725,1.06743,1.00,1.00
2015.10.19 19:44:45.201,1.06723,1.06749,1.00,2.62
2015.10.19 19:44:51.949,1.06723,1.06742,1.50,1.00
2015.10.19 19:44:54.679,1.06721,1.06742,1.50,1.00
2015.10.19 19:44:57.746,1.06725,1.06742,1.00,1.00
2015.10.19 19:44:57.899,1.06722,1.06742,1.00,1.00
2015.10.19 19:44:58.012,1.06725,1.06742,1.00,1.00
2015.10.19 19:44:59.117,1.06723,1.06742,1.50,1.00
2015.10.19 19:45:00.693,1.06722,1.06742,1.00,1.00
2015.10.19 19:45:00.846,1.0672,1.06742,1.50,1.00
2015.10.19 19:45:01.480,1.0672,1.06743,1.50,1.00
2015.10.19 19:45:04.826,1.0672,1.06742,1.00,1.00
2015.10.19 19:45:05.583,1.0672,1.06743,1.00,1.00
2015.10.19 19:45:06.133,1.06719,1.06742,1.00,1.00
2015.10.19 19:45:14.033,1.06722,1.06742,1.00,1.00
2015.10.19 19:45:14.084,1.06722,1.06744,1.00,1.00
2015.10.19 19:45:14.369,1.0672,1.06749,1.00,1.75
2015.10.19 19:45:14.470,1.0672,1.06743,1.00,1.00
2015.10.19 19:45:14.987,1.06719,1.06743,1.00,1.00
2015.10.19 19:45:15.453,1.06722,1.06747,1.00,1.00
2015.10.19 19:45:15.506,1.06722,1.0675,1.00,3.00
2015.10.19 19:45:15.658,1.06716,1.06742,1.00,1.00
2015.10.19 19:45:16.201,1.06716,1.06741,1.00,1.00
2015.10.19 19:45:21.572,1.06715,1.06741,1.50,1.00
2015.10.19 19:45:22.715,1.06715,1.06742,1.00,1.12
2015.10.19 19:45:30.129,1.06717,1.06747,1.00,2.25
2015.10.19 19:45:30.282,1.06717,1.06747,2.25,1.00
2015.10.19 19:45:30.931,1.06717,1.0675,3.00,1.57
2015.10.19 19:45:34.922,1.06717,1.06747,1.87,1.37
2015.10.19 19:45:35.788,1.06716,1.06746,1.00,1.87
2015.10.19 19:45:42.032,1.06717,1.06746,1.00,1.12
2015.10.19 19:45:43.630,1.06715,1.06746,1.50,1.12
2015.10.19 19:45:45.707,1.06717,1.06746,1.00,1.12
2015.10.19 19:45:46.620,1.06715,1.06746,1.00,1.12
2015.10.19 19:45:48.337,1.06716,1.06746,1.00,1.12
2015.10.19 19:45:51.914,1.06719,1.06746,1.00,1.87
2015.10.19 19:45:52.421,1.06718,1.06748,1.00,1.75
2015.10.19 19:45:52.523,1.06716,1.06746,1.50,1.12
2015.10.19 19:46:00.467,1.06715,1.06742,1.50,1.00
2015.10.19 19:46:11.662,1.06715,1.06743,1.00,1.50
2015.10.19 19:46:14.187,1.06715,1.06745,1.87,1.37
2015.10.19 19:46:14.238,1.06715,1.06745,2.25,1.00
2015.10.19 19:46:14.440,1.0672,1.06745,1.00,1.00
2015.10.19 19:46:14.491,1.06721,1.06747,1.00,1.00
2015.10.19 19:46:14.542,1.06721,1.06745,1.00,1.00
2015.10.19 19:46:14.795,1.06718,1.06745,1.00,1.00
2015.10.19 19:46:16.062,1.06717,1.06745,1.12,1.00
2015.10.19 19:46:19.595,1.06717,1.06746,1.12,1.00
2015.10.19 19:46:19.647,1.06717,1.06744,1.12,1.00
2015.10.19 19:46:25.638,1.06717,1.06742,1.00,1.00
2015.10.19 19:46:36.990,1.06718,1.06742,1.00,1.00
2015.10.19 19:46:38.298,1.06716,1.06742,1.50,1.00
2015.10.19 19:46:48.333,1.06716,1.06741,1.00,1.00
2015.10.19 19:46:48.880,1.06717,1.06741,1.00,1.00
2015.10.19 19:46:51.841,1.06716,1.06741,1.00,1.00
2015.10.19 19:46:55.661,1.06717,1.06741,1.00,1.00
2015.10.19 19:46:57.832,1.06716,1.06741,1.00,1.00
2015.10.19 19:46:57.884,1.06723,1.06741,1.00,1.00
2015.10.19 19:47:05.696,1.06723,1.06743,1.00,1.00
2015.10.19 19:47:11.706,1.06723,1.06741,1.00,1.00
2015.10.19 19:47:23.008,1.06723,1.06742,1.00,1.00
2015.10.19 19:47:28.015,1.06723,1.06745,1.00,1.00
2015.10.19 19:47:33.041,1.06723,1.06743,1.00,1.00
2015.10.19 19:47:39.303,1.06723,1.06741,1.00,1.00
2015.10.19 19:47:44.368,1.06723,1.06742,1.00,1.00
2015.10.19 19:47:57.875,1.06716,1.06742,1.00,1.00
2015.10.19 19:47:59.875,1.06714,1.06742,1.00,1.00
2015.10.19 19:48:01.836,1.06714,1.06742,2.25,1.00
2015.10.19 19:48:06.684,1.06716,1.06743,1.12,1.00
2015.10.19 19:48:23.869,1.06715,1.06743,1.00,1.00
2015.10.19 19:48:27.820,1.06716,1.06743,1.00,1.00
2015.10.19 19:48:27.924,1.06714,1.06743,1.12,1.00
2015.10.19 19:48:28.385,1.06717,1.06743,1.00,1.00
2015.10.19 19:48:33.260,1.06717,1.06742,1.00,1.00
2015.10.19 19:48:34.741,1.06714,1.06742,1.12,1.00
2015.10.19 19:48:36.683,1.06716,1.06742,1.00,1.00
2015.10.19 19:48:38.918,1.06717,1.06744,1.00,1.00
2015.10.19 19:48:42.764,1.06715,1.06744,1.50,1.00
2015.10.19 19:48:44.947,1.06717,1.06743,1.00,1.00
2015.10.19 19:48:46.711,1.06714,1.06743,1.75,1.00
2015.10.19 19:48:50.382,1.06716,1.06739,1.12,1.00
2015.10.19 19:48:50.484,1.06714,1.06739,1.00,1.00
2015.10.19 19:48:50.585,1.06725,1.06739,1.00,1.00
2015.10.19 19:48:50.890,1.06725,1.06733,1.00,1.00
2015.10.19 19:48:50.941,1.06725,1.06735,1.00,1.00
2015.10.19 19:48:51.346,1.06725,1.06733,1.00,1.00
2015.10.19 19:49:00.103,1.06724,1.06744,1.00,1.12
2015.10.19 19:49:03.402,1.06723,1.06744,1.00,1.12
2015.10.19 19:49:10.783,1.06723,1.06743,1.00,1.00
2015.10.19 19:49:10.884,1.06723,1.06741,1.00,1.00
2015.10.19 19:49:11.187,1.06723,1.06738,1.00,1.00
2015.10.19 19:49:11.672,1.06723,1.06748,1.00,3.00
2015.10.19 19:49:14.491,1.06724,1.06747,1.00,1.37
2015.10.19 19:49:22.393,1.06723,1.06747,1.00,1.37
2015.10.19 19:49:22.965,1.06724,1.06747,1.00,1.37
2015.10.19 19:49:24.996,1.06723,1.06748,1.00,2.25
2015.10.19 19:49:34.038,1.06723,1.06747,1.00,1.00
2015.10.19 19:49:38.277,1.06724,1.06747,1.00,1.00
2015.10.19 19:49:43.384,1.06723,1.06747,1.50,1.00
2015.10.19 19:49:54.085,1.06723,1.06748,1.00,1.00
2015.10.19 19:50:07.835,1.06723,1.06746,1.50,1.00
2015.10.19 19:50:08.138,1.06723,1.06739,1.00,1.50
2015.10.19 19:50:08.657,1.06724,1.06739,1.00,1.00
2015.10.19 19:50:15.337,1.06724,1.06745,1.00,2.25
2015.10.19 19:50:19.543,1.06724,1.06739,1.00,1.75
2015.10.19 19:50:21.986,1.06725,1.06738,1.00,1.00
2015.10.19 19:50:23.839,1.06725,1.06738,1.00,1.37
2015.10.19 19:50:25.178,1.06723,1.06741,1.00,2.25
2015.10.19 19:50:25.583,1.06725,1.0674,1.00,1.75
2015.10.19 19:50:28.172,1.06723,1.06732,1.00,1.50
2015.10.19 19:50:31.737,1.06723,1.06738,1.00,2.62
2015.10.19 19:50:31.789,1.06723,1.06738,1.00,1.87
2015.10.19 19:50:34.490,1.06723,1.06736,1.00,1.37
2015.10.19 19:50:35.137,1.06723,1.06735,1.00,1.87
2015.10.19 19:50:42.699,1.06723,1.06739,1.00,1.75
2015.10.19 19:50:42.851,1.06723,1.0674,1.00,1.00
2015.10.19 19:50:42.902,1.06723,1.06738,1.00,1.00
2015.10.19 19:50:43.205,1.06724,1.06734,1.00,1.37
2015.10.19 19:50:43.256,1.06724,1.06736,1.00,1.12
2015.10.19 19:50:44.888,1.06724,1.06737,1.00,1.37
2015.10.19 19:50:44.939,1.06725,1.06739,1.00,1.07
2015.10.19 19:50:45.435,1.06723,1.06738,1.00,1.00
2015.10.19 19:50:46.086,1.06724,1.06738,1.00,1.00
2015.10.19 19:50:48.893,1.06724,1.06735,1.00,1.00
2015.10.19 19:50:49.682,1.06723,1.06735,1.00,1.37
2015.10.19 19:50:57.492,1.06724,1.06739,1.00,1.37
2015.10.19 19:50:57.543,1.06724,1.06742,1.00,1.50
2015.10.19 19:50:57.695,1.06724,1.06743,1.00,1.37
2015.10.19 19:50:57.746,1.06724,1.06744,1.00,1.10
2015.10.19 19:50:58.632,1.06724,1.06745,1.00,1.00
2015.10.19 19:50:59.150,1.06724,1.06746,1.00,1.50
2015.10.19 19:51:03.957,1.06724,1.06748,1.00,1.00
2015.10.19 19:51:20.683,1.06725,1.06748,1.00,1.00
2015.10.19 19:51:24.384,1.06727,1.06753,1.00,1.75
2015.10.19 19:51:24.536,1.06729,1.06754,1.00,1.00
2015.10.19 19:51:24.587,1.06732,1.06754,1.00,1.00
2015.10.19 19:51:24.840,1.06731,1.06757,1.00,1.00
2015.10.19 19:51:25.686,1.06732,1.0676,1.00,2.25
2015.10.19 19:51:27.840,1.06731,1.0676,1.50,1.50
2015.10.19 19:51:29.130,1.06731,1.0676,1.00,1.75
2015.10.19 19:51:29.181,1.06725,1.06757,1.50,1.75
2015.10.19 19:51:29.232,1.06726,1.06757,1.00,1.00
2015.10.19 19:51:29.283,1.06726,1.06754,1.00,1.00
2015.10.19 19:51:30.242,1.06725,1.0675,1.37,1.00
2015.10.19 19:51:30.785,1.06725,1.0675,1.00,1.00
2015.10.19 19:51:31.186,1.06723,1.0675,1.50,1.00
2015.10.19 19:51:31.491,1.06726,1.0675,1.00,1.00
2015.10.19 19:51:31.542,1.06723,1.0675,1.50,1.00
2015.10.19 19:51:32.122,1.06723,1.06746,1.50,1.00
2015.10.19 19:51:46.697,1.06722,1.06746,1.00,1.00
2015.10.19 19:51:50.260,1.06722,1.06752,1.50,1.37
2015.10.19 19:51:50.311,1.06722,1.06752,1.50,1.00
2015.10.19 19:51:51.764,1.06722,1.06752,1.50,1.37
2015.10.19 19:51:51.816,1.06723,1.06748,1.00,1.00
2015.10.19 19:52:04.677,1.06723,1.06751,1.00,1.00
2015.10.19 19:52:05.262,1.06723,1.06752,1.50,1.00
2015.10.19 19:52:06.891,1.06727,1.06756,1.00,1.87
2015.10.19 19:52:06.993,1.06731,1.06756,1.00,1.12
2015.10.19 19:52:07.459,1.06735,1.06757,1.00,1.12
2015.10.19 19:52:09.096,1.06735,1.0676,1.00,1.00
2015.10.19 19:52:09.817,1.06732,1.0676,1.00,1.00
2015.10.19 19:52:15.422,1.06732,1.06758,1.00,1.00
2015.10.19 19:52:15.725,1.06736,1.06758,1.00,1.00
2015.10.19 19:52:17.704,1.06732,1.06758,1.00,1.00
2015.10.19 19:52:23.207,1.06731,1.06758,1.50,1.00
2015.10.19 19:52:23.309,1.06732,1.06755,1.00,1.00
2015.10.19 19:52:23.814,1.06731,1.06755,1.00,1.00
2015.10.19 19:52:29.736,1.06731,1.06758,1.12,1.00
2015.10.19 19:52:30.242,1.06732,1.06758,1.00,1.00
2015.10.19 19:52:30.757,1.0673,1.06758,1.00,1.00
2015.10.19 19:52:30.909,1.06735,1.06758,1.00,1.00
2015.10.19 19:52:31.490,1.06736,1.06758,1.00,1.00
2015.10.19 19:52:32.645,1.06735,1.06758,1.00,1.00
2015.10.19 19:52:34.798,1.06735,1.06757,1.00,1.00
2015.10.19 19:52:35.309,1.06736,1.06757,1.00,1.00
2015.10.19 19:52:40.641,1.06731,1.06757,1.00,1.00
2015.10.19 19:52:43.153,1.06728,1.06757,1.12,1.00
2015.10.19 19:52:46.753,1.06728,1.06754,1.87,1.00
2015.10.19 19:52:49.478,1.06728,1.06754,1.37,1.00
2015.10.19 19:52:49.529,1.06728,1.06758,1.50,1.50
2015.10.19 19:52:50.123,1.06731,1.06758,1.00,1.00
2015.10.19 19:52:57.187,1.06731,1.06752,1.00,1.00
2015.10.19 19:52:57.339,1.06728,1.06752,1.50,1.00
2015.10.19 19:52:57.594,1.06731,1.06752,1.00,1.00
2015.10.19 19:52:58.346,1.06726,1.06752,1.75,1.00
2015.10.19 19:53:05.288,1.06741,1.06752,1.00,1.00
2015.10.19 19:53:07.443,1.0674,1.06752,1.00,1.00
2015.10.19 19:53:09.618,1.0674,1.06751,1.00,1.00
2015.10.19 19:53:10.602,1.06738,1.06751,1.00,1.50
2015.10.19 19:53:17.874,1.0674,1.06755,1.00,1.00
2015.10.19 19:53:18.362,1.06737,1.0675,1.00,1.00
2015.10.19 19:53:18.680,1.06734,1.06747,1.00,1.00
2015.10.19 19:53:25.784,1.06734,1.06745,1.00,1.00
2015.10.19 19:53:28.753,1.06734,1.06742,1.00,1.00
2015.10.19 19:53:29.252,1.06737,1.06742,1.00,1.00
2015.10.19 19:53:31.208,1.06737,1.06745,1.00,1.00
2015.10.19 19:53:31.312,1.06734,1.06745,1.00,1.00
2015.10.19 19:53:33.411,1.06736,1.06746,1.00,1.00
2015.10.19 19:53:34.046,1.06736,1.0675,1.00,1.00
2015.10.19 19:53:39.175,1.06736,1.06749,1.00,1.00
2015.10.19 19:53:41.831,1.06736,1.06745,1.00,1.00
2015.10.19 19:53:41.882,1.06736,1.06748,1.00,1.00
2015.10.19 19:53:44.311,1.0674,1.06748,1.00,1.00
2015.10.19 19:53:44.614,1.06742,1.06748,1.00,1.00
2015.10.19 19:53:44.666,1.06742,1.06751,1.00,1.00
2015.10.19 19:53:49.328,1.06727,1.06751,1.00,1.00
2015.10.19 19:53:51.089,1.06727,1.06748,1.00,1.00
2015.10.19 19:53:51.295,1.06722,1.06744,1.00,1.00
2015.10.19 19:53:51.346,1.06719,1.06744,1.00,1.00
2015.10.19 19:53:51.447,1.06724,1.06744,1.00,1.00
2015.10.19 19:53:51.499,1.06721,1.06744,1.00,1.00
2015.10.19 19:53:52.207,1.06721,1.0674,1.00,1.00
2015.10.19 19:53:52.359,1.06721,1.06743,1.00,1.00
2015.10.19 19:53:52.511,1.06722,1.06746,1.00,1.00
2015.10.19 19:53:52.613,1.06722,1.06743,1.00,1.00
2015.10.19 19:53:53.136,1.06721,1.06743,1.00,1.00
2015.10.19 19:54:03.682,1.06721,1.06742,1.00,1.00
2015.10.19 19:54:11.318,1.06717,1.06742,1.00,1.00
2015.10.19 19:54:12.804,1.06718,1.06742,1.00,1.00
2015.10.19 19:54:15.119,1.06717,1.06742,1.50,1.00
2015.10.19 19:54:15.170,1.0672,1.06742,1.00,1.00
2015.10.19 19:54:15.474,1.06722,1.06742,1.00,1.00
2015.10.19 19:54:16.902,1.06732,1.06749,1.00,1.37
2015.10.19 19:54:16.953,1.06735,1.06752,1.00,1.00
2015.10.19 19:54:17.055,1.06737,1.06755,1.00,1.87
2015.10.19 19:54:17.259,1.06733,1.06755,1.00,1.00
2015.10.19 19:54:17.716,1.06736,1.06755,1.00,1.00
2015.10.19 19:54:18.470,1.06735,1.06755,1.00,1.00
2015.10.19 19:54:19.864,1.06736,1.06755,1.00,1.00
2015.10.19 19:54:23.016,1.06736,1.06756,1.00,1.00
2015.10.19 19:54:27.824,1.06736,1.06754,1.00,1.00
2015.10.19 19:54:33.804,1.06736,1.06756,1.00,1.00
2015.10.19 19:54:42.308,1.06736,1.06755,1.00,1.00
2015.10.19 19:54:50.037,1.06736,1.06748,1.00,1.00
2015.10.19 19:54:50.500,1.06729,1.06744,1.00,1.00
2015.10.19 19:54:50.557,1.06722,1.06744,1.00,1.00
2015.10.19 19:54:51.037,1.06721,1.0674,1.00,1.00
2015.10.19 19:54:51.138,1.06718,1.0674,1.50,1.00
2015.10.19 19:54:51.190,1.06718,1.0674,1.00,1.37
2015.10.19 19:54:51.342,1.06711,1.06736,1.00,1.00
2015.10.19 19:54:51.393,1.06714,1.06736,1.00,1.12
2015.10.19 19:54:55.179,1.06719,1.06739,1.00,1.37
2015.10.19 19:54:55.432,1.06719,1.06742,1.00,1.50
2015.10.19 19:54:55.534,1.06715,1.06742,1.00,1.50
2015.10.19 19:54:55.807,1.06719,1.06742,1.00,1.00
2015.10.19 19:55:01.395,1.06719,1.06743,1.00,1.00
2015.10.19 19:55:02.089,1.06719,1.06743,1.00,1.37
2015.10.19 19:55:23.856,1.06719,1.06742,1.00,1.00
2015.10.19 19:55:35.508,1.06719,1.06744,1.50,1.00
2015.10.19 19:55:37.910,1.06719,1.0674,1.00,1.00
2015.10.19 19:55:38.164,1.06716,1.0674,1.00,1.00
2015.10.19 19:55:48.140,1.06716,1.06739,1.00,1.00
2015.10.19 19:55:59.551,1.06714,1.06738,1.87,1.12
2015.10.19 19:55:59.602,1.06714,1.06735,1.00,1.00
2015.10.19 19:56:06.745,1.06714,1.06736,1.00,1.00
2015.10.19 19:56:07.695,1.06713,1.06726,1.00,1.00
2015.10.19 19:56:07.796,1.06713,1.0673,1.00,1.00
2015.10.19 19:56:07.847,1.06713,1.06728,1.00,1.00
2015.10.19 19:56:07.950,1.06713,1.06732,1.00,2.25
2015.10.19 19:56:30.016,1.06713,1.06729,1.00,1.00
2015.10.19 19:56:30.125,1.06713,1.06725,1.00,1.00
2015.10.19 19:56:34.233,1.06713,1.0672,1.00,1.00
2015.10.19 19:56:34.284,1.0671,1.0672,1.00,1.00
2015.10.19 19:56:34.335,1.0671,1.06724,1.00,1.00
2015.10.19 19:56:34.386,1.067,1.0672,1.00,1.00
2015.10.19 19:56:34.488,1.06703,1.0672,1.00,1.00
2015.10.19 19:56:34.539,1.06699,1.0672,1.00,1.00
2015.10.19 19:56:34.590,1.06702,1.0672,1.00,1.00
2015.10.19 19:56:37.997,1.06705,1.0672,1.00,1.00
2015.10.19 19:56:38.932,1.06705,1.06723,1.00,1.00
2015.10.19 19:56:41.695,1.06706,1.06723,1.00,1.00
2015.10.19 19:56:41.797,1.06702,1.06723,1.50,1.00
2015.10.19 19:56:42.108,1.06705,1.06723,1.00,1.00
2015.10.19 19:56:42.411,1.06702,1.06723,1.00,1.00
2015.10.19 19:56:42.664,1.06702,1.06726,1.00,1.00
2015.10.19 19:56:43.867,1.06703,1.06726,1.50,1.00
2015.10.19 19:56:48.715,1.06703,1.06729,1.50,1.12
2015.10.19 19:56:56.151,1.06705,1.06729,1.00,1.00
2015.10.19 19:56:57.313,1.06701,1.06725,1.00,1.00
2015.10.19 19:57:00.063,1.06701,1.06728,1.50,1.00
2015.10.19 19:57:00.469,1.06706,1.06728,1.00,1.00
2015.10.19 19:57:01.345,1.06706,1.06726,1.00,1.00
2015.10.19 19:57:01.650,1.06701,1.06723,1.00,1.00
2015.10.19 19:57:03.047,1.06702,1.06723,1.00,1.00
2015.10.19 19:57:03.738,1.06702,1.06726,1.00,1.12
2015.10.19 19:57:03.941,1.06705,1.06726,1.00,1.12
2015.10.19 19:57:12.769,1.06703,1.06727,1.50,1.00
2015.10.19 19:57:13.317,1.06703,1.0673,1.50,1.00
2015.10.19 19:57:13.368,1.06705,1.0673,1.00,1.00
2015.10.19 19:57:14.281,1.06714,1.06737,1.00,1.50
2015.10.19 19:57:14.792,1.06713,1.06737,1.00,1.50
2015.10.19 19:57:18.206,1.06713,1.0674,1.00,1.00
2015.10.19 19:57:18.308,1.06716,1.0674,1.00,1.00
2015.10.19 19:57:18.612,1.06708,1.06734,1.00,1.00
2015.10.19 19:57:19.309,1.06707,1.06734,1.00,1.50
2015.10.19 19:57:19.410,1.06707,1.06727,1.00,1.00
2015.10.19 19:57:19.511,1.06705,1.06727,1.00,1.00
2015.10.19 19:57:19.562,1.06705,1.06723,1.00,1.00
2015.10.19 19:57:19.714,1.06697,1.06721,1.37,1.00
2015.10.19 19:57:19.765,1.06697,1.06721,1.00,1.00
2015.10.19 19:57:19.816,1.06695,1.06721,1.00,1.00
2015.10.19 19:57:19.867,1.06697,1.06721,1.00,1.00
2015.10.19 19:57:20.120,1.06695,1.06721,1.00,1.00
2015.10.19 19:57:23.555,1.06689,1.06718,1.10,1.00
2015.10.19 19:57:25.446,1.06692,1.06718,1.00,1.00
2015.10.19 19:57:26.308,1.06692,1.06722,1.87,1.00
2015.10.19 19:57:26.409,1.06697,1.06723,1.00,1.00
2015.10.19 19:57:31.592,1.06697,1.06725,1.00,1.00
2015.10.19 19:57:32.271,1.06697,1.06724,1.00,1.00
2015.10.19 19:57:39.913,1.06693,1.06719,1.37,1.37
2015.10.19 19:57:40.116,1.0669,1.06719,1.75,1.00
2015.10.19 19:57:40.623,1.06693,1.06719,1.00,1.00
2015.10.19 19:57:42.435,1.06695,1.06719,1.00,1.00
2015.10.19 19:57:46.378,1.06692,1.06719,1.12,1.00
2015.10.19 19:57:48.460,1.06694,1.06719,1.00,1.00
2015.10.19 19:57:51.020,1.06693,1.06719,1.00,1.00
2015.10.19 19:57:51.890,1.06695,1.06721,1.00,1.00
2015.10.19 19:57:52.491,1.067,1.06721,1.00,1.37
2015.10.19 19:57:53.008,1.06699,1.06721,1.00,1.00
2015.10.19 19:57:54.451,1.067,1.06721,1.00,1.00
2015.10.19 19:57:57.780,1.067,1.06724,1.00,1.00
2015.10.19 19:57:59.645,1.06698,1.06724,1.50,1.00
2015.10.19 19:58:00.147,1.06699,1.06724,1.00,1.00
2015.10.19 19:58:03.221,1.06692,1.06716,1.00,1.00
2015.10.19 19:58:03.636,1.06692,1.06718,1.00,1.00
2015.10.19 19:58:03.891,1.06692,1.06714,1.00,1.00
2015.10.19 19:58:04.124,1.06692,1.06717,1.00,1.00
2015.10.19 19:58:04.378,1.06694,1.06717,1.00,1.00
2015.10.19 19:58:04.429,1.06694,1.0672,1.50,1.50
2015.10.19 19:58:04.480,1.067,1.0672,1.00,1.00
2015.10.19 19:58:04.905,1.06691,1.0672,1.00,1.00
2015.10.19 19:58:04.956,1.06691,1.06717,1.50,1.00
2015.10.19 19:58:05.260,1.0669,1.06712,1.00,1.00
2015.10.19 19:58:05.362,1.06685,1.06712,1.50,1.00
2015.10.19 19:58:05.889,1.06684,1.06715,1.50,1.50
2015.10.19 19:58:05.991,1.06688,1.06715,1.00,1.00
2015.10.19 19:58:06.567,1.06691,1.06715,1.00,1.00
2015.10.19 19:58:06.770,1.06693,1.06719,1.00,1.00
2015.10.19 19:58:06.821,1.06691,1.06719,1.00,1.00
2015.10.19 19:58:09.438,1.06688,1.06716,1.10,1.00
2015.10.19 19:58:10.279,1.06687,1.06716,2.25,1.00
2015.10.19 19:58:11.461,1.0669,1.06716,1.00,1.00
2015.10.19 19:58:13.066,1.0669,1.0671,1.00,1.00
2015.10.19 19:58:13.117,1.0669,1.06714,1.00,1.00
2015.10.19 19:58:13.168,1.0669,1.06711,1.00,1.00
2015.10.19 19:58:13.593,1.06687,1.0671,1.00,1.00
2015.10.19 19:58:13.921,1.06688,1.06713,1.00,1.00
2015.10.19 19:58:14.022,1.0669,1.06713,1.00,1.00
2015.10.19 19:58:16.958,1.06687,1.06713,1.00,1.00
2015.10.19 19:58:18.427,1.06692,1.06717,1.00,1.00
2015.10.19 19:58:20.708,1.06691,1.06714,1.00,1.00
2015.10.19 19:58:21.217,1.06688,1.06714,1.00,1.00
2015.10.19 19:58:22.499,1.06691,1.06714,1.00,1.00
2015.10.19 19:58:28.776,1.06688,1.06714,1.00,1.00
2015.10.19 19:58:32.076,1.06691,1.06714,1.00,1.00
2015.10.19 19:58:32.838,1.06689,1.06714,1.50,1.00
2015.10.19 19:58:34.825,1.06691,1.06714,1.00,1.00
2015.10.19 19:58:37.513,1.06688,1.06714,2.25,1.00
2015.10.19 19:58:41.725,1.06689,1.06714,1.00,1.00
2015.10.19 19:58:42.803,1.06689,1.06713,1.00,1.00
2015.10.19 19:58:42.854,1.06691,1.06713,1.00,1.00
2015.10.19 19:58:44.362,1.06688,1.06713,2.25,1.00
2015.10.19 19:58:44.913,1.06689,1.06713,1.00,1.00
2015.10.19 19:58:45.417,1.06688,1.06713,1.50,1.00
2015.10.19 19:58:45.825,1.06688,1.06709,1.50,1.00
2015.10.19 19:58:45.977,1.06685,1.0671,1.00,1.00
2015.10.19 19:58:46.028,1.06682,1.06703,1.00,1.00
2015.10.19 19:58:46.131,1.06681,1.06706,1.00,1.00
2015.10.19 19:58:47.117,1.06682,1.06706,1.00,1.00
2015.10.19 19:58:47.624,1.06683,1.06706,1.00,1.00
2015.10.19 19:58:48.000,1.06685,1.06706,1.00,1.00
2015.10.19 19:58:48.508,1.06684,1.06706,1.00,1.00
2015.10.19 19:58:49.022,1.06684,1.06701,1.00,1.00
2015.10.19 19:58:49.124,1.06678,1.06701,1.20,1.00
2015.10.19 19:58:49.225,1.06676,1.06701,1.50,1.00
2015.10.19 19:58:49.327,1.0667,1.067,1.50,1.00
2015.10.19 19:58:49.378,1.0667,1.06695,1.50,1.00
2015.10.19 19:58:49.681,1.06674,1.06695,1.00,1.00
2015.10.19 19:58:51.289,1.06677,1.06695,1.00,1.00
2015.10.19 19:58:51.854,1.06674,1.06695,1.00,1.00
2015.10.19 19:58:53.295,1.06677,1.06695,1.00,1.00
2015.10.19 19:58:54.877,1.06674,1.06695,1.00,1.00
2015.10.19 19:58:55.234,1.06674,1.06697,1.00,1.00
2015.10.19 19:58:55.532,1.06674,1.06693,1.00,1.00
2015.10.19 19:58:56.795,1.06674,1.06695,1.00,1.00
2015.10.19 19:59:01.100,1.06673,1.06695,1.00,1.00
2015.10.19 19:59:01.325,1.06675,1.06695,1.00,1.00
2015.10.19 19:59:01.830,1.06675,1.06701,1.00,1.00
2015.10.19 19:59:02.272,1.06687,1.06701,1.00,1.00
2015.10.19 19:59:02.323,1.06685,1.06703,1.00,1.00
2015.10.19 19:59:02.374,1.06685,1.06706,1.00,1.00
2015.10.19 19:59:02.886,1.06686,1.06706,1.00,1.00
2015.10.19 19:59:03.287,1.06687,1.0671,1.00,1.12
2015.10.19 19:59:03.816,1.06683,1.0671,1.00,1.12
2015.10.19 19:59:04.326,1.06679,1.0671,2.25,1.12
2015.10.19 19:59:05.543,1.06678,1.0671,1.95,1.12
2015.10.19 19:59:06.111,1.0668,1.0671,1.00,1.12
2015.10.19 19:59:06.263,1.06683,1.0671,1.00,1.12
2015.10.19 19:59:06.314,1.0668,1.0671,1.50,1.87
2015.10.19 19:59:06.416,1.06682,1.0671,1.00,1.12
2015.10.19 19:59:07.495,1.0668,1.06708,1.07,1.00
2015.10.19 19:59:09.280,1.06678,1.06704,2.70,1.00
2015.10.19 19:59:09.754,1.06678,1.06709,1.95,1.00
2015.10.19 19:59:11.140,1.06678,1.06705,1.87,1.00
2015.10.19 19:59:11.595,1.06681,1.06705,1.00,1.00
2015.10.19 19:59:13.666,1.06678,1.06705,1.87,1.00
2015.10.19 19:59:14.846,1.06679,1.06705,1.00,1.00
2015.10.19 19:59:15.365,1.06676,1.06705,1.75,1.00
2015.10.19 19:59:17.120,1.06676,1.06706,1.75,1.00
2015.10.19 19:59:20.106,1.06673,1.06692,1.00,1.00
2015.10.19 19:59:20.164,1.06666,1.06692,1.10,1.00
2015.10.19 19:59:21.754,1.06668,1.06692,1.00,1.00
2015.10.19 19:59:22.409,1.06667,1.06692,1.00,1.00
2015.10.19 19:59:23.790,1.06669,1.06692,1.00,1.00
2015.10.19 19:59:27.691,1.06668,1.06692,1.00,1.00
2015.10.19 19:59:30.614,1.06667,1.06692,1.00,1.00
2015.10.19 19:59:31.591,1.06669,1.06692,1.00,1.00
2015.10.19 19:59:32.350,1.06669,1.06695,1.00,1.12
2015.10.19 19:59:32.451,1.06672,1.06696,1.00,1.50
2015.10.19 19:59:33.479,1.06677,1.06697,1.00,1.00
2015.10.19 19:59:33.530,1.06677,1.067,1.00,1.00
2015.10.19 19:59:33.682,1.06679,1.067,1.00,1.00
2015.10.19 19:59:34.495,1.06678,1.067,1.00,1.00
2015.10.19 19:59:35.674,1.06679,1.067,1.00,1.00
2015.10.19 19:59:39.703,1.06678,1.067,1.00,1.00
2015.10.19 19:59:42.195,1.06676,1.06702,1.00,1.00
2015.10.19 19:59:42.246,1.06684,1.06704,1.00,1.00
2015.10.19 19:59:42.751,1.06681,1.06704,1.00,1.00
2015.10.19 19:59:42.903,1.06681,1.06708,1.00,1.00
2015.10.19 19:59:43.723,1.06682,1.06708,1.00,1.00
2015.10.19 19:59:43.775,1.06684,1.06707,1.00,1.75
2015.10.19 19:59:46.283,1.06684,1.06708,1.00,1.12
2015.10.19 19:59:47.155,1.06689,1.06708,1.00,1.12
2015.10.19 19:59:47.950,1.06686,1.06708,1.00,1.12
2015.10.19 19:59:48.052,1.06686,1.06703,1.00,1.00
2015.10.19 19:59:48.153,1.06679,1.06702,1.00,1.75
2015.10.19 19:59:48.255,1.06677,1.06701,1.50,1.00
2015.10.19 19:59:48.715,1.0668,1.067,1.00,1.00
2015.10.19 19:59:48.842,1.06677,1.067,1.00,1.00
2015.10.19 19:59:56.580,1.06677,1.06691,1.00,1.00
2015.10.19 19:59:56.884,1.06677,1.06687,1.00,1.00
2015.10.19 19:59:57.179,1.06681,1.06693,1.00,1.00
2015.10.19 19:59:57.230,1.06687,1.06693,1.00,1.00
2015.10.19 19:59:57.281,1.06687,1.06696,1.00,1.00
2015.10.19 19:59:58.422,1.0668,1.06696,1.00,1.00
2015.10.19 19:59:58.476,1.0668,1.06693,1.00,1.00
2015.10.19 19:59:58.527,1.06677,1.06693,1.50,1.00
2015.10.19 19:59:58.730,1.06677,1.0669,1.50,1.00
2015.10.19 19:59:59.034,1.06676,1.06684,1.00,1.00
2015.10.19 19:59:59.085,1.06673,1.06683,1.00,1.00
2015.10.19 19:59:59.237,1.0667,1.06683,1.00,1.00
2015.10.19 19:59:59.288,1.06666,1.06683,1.50,1.00
