2016.09.23 04:00:00.058,1.04892,1.04914,1.00,1.75
2016.09.23 04:00:00.109,1.04889,1.04911,1.00,1.00
2016.09.23 04:00:00.251,1.04887,1.0491,1.12,1.12
2016.09.23 04:00:00.302,1.04887,1.04908,1.00,1.00
2016.09.23 04:00:00.353,1.04887,1.04908,1.00,1.00
2016.09.23 04:00:00.404,1.04893,1.04909,1.00,1.00
2016.09.23 04:00:00.455,1.04894,1.04909,1.00,1.00
2016.09.23 04:00:00.556,1.04891,1.04909,1.00,1.00
2016.09.23 04:00:00.607,1.04891,1.04911,1.00,1.12
2016.09.23 04:00:00.658,1.04891,1.04913,1.00,1.75
2016.09.23 04:00:00.709,1.0489,1.04913,1.50,2.25
2016.09.23 04:00:00.811,1.0489,1.04912,1.50,1.75
2016.09.23 04:00:00.862,1.0489,1.04912,1.50,1.00
2016.09.23 04:00:00.913,1.04894,1.04912,1.00,1.00
2016.09.23 04:00:00.963,1.04894,1.04912,1.12,1.00
2016.09.23 04:00:01.107,1.04894,1.04913,1.12,1.12
2016.09.23 04:00:01.157,1.04894,1.04913,1.75,1.12
2016.09.23 04:00:01.532,1.04894,1.04912,1.75,1.00
2016.09.23 04:00:01.684,1.04892,1.04912,1.75,1.00
2016.09.23 04:00:01.836,1.04892,1.04912,1.50,1.12
2016.09.23 04:00:01.887,1.04892,1.04912,1.50,1.87
2016.09.23 04:00:01.938,1.04892,1.04912,1.12,1.87
2016.09.23 04:00:01.990,1.04892,1.04912,1.12,1.87
2016.09.23 04:00:02.041,1.04891,1.04912,1.50,1.87
2016.09.23 04:00:02.092,1.04891,1.04912,1.50,1.12
2016.09.23 04:00:02.210,1.04892,1.04912,1.12,1.87
2016.09.23 04:00:02.261,1.04892,1.04908,1.00,1.00
2016.09.23 04:00:02.312,1.04892,1.04908,1.00,1.00
2016.09.23 04:00:02.471,1.0489,1.04908,1.12,1.00
2016.09.23 04:00:02.572,1.0489,1.0491,1.12,1.00
2016.09.23 04:00:02.862,1.0489,1.0491,1.12,1.50
2016.09.23 04:00:03.253,1.0489,1.04909,1.12,1.00
2016.09.23 04:00:05.687,1.0489,1.04908,1.12,1.00
2016.09.23 04:00:05.985,1.0489,1.04908,1.00,1.00
2016.09.23 04:00:06.529,1.04892,1.04908,1.00,1.00
2016.09.23 04:00:06.580,1.04891,1.04909,1.00,1.00
2016.09.23 04:00:06.703,1.04891,1.04911,1.00,1.00
2016.09.23 04:00:06.805,1.04893,1.04912,1.00,1.87
2016.09.23 04:00:06.913,1.04893,1.04912,1.00,1.12
2016.09.23 04:00:07.015,1.04894,1.04912,1.00,1.12
2016.09.23 04:00:07.066,1.04894,1.04913,1.00,1.50
2016.09.23 04:00:07.809,1.04895,1.04913,1.00,1.50
2016.09.23 04:00:07.914,1.04896,1.04913,1.00,1.50
2016.09.23 04:00:09.304,1.04894,1.04913,1.00,1.50
2016.09.23 04:00:10.783,1.04894,1.04913,1.00,1.50
2016.09.23 04:00:10.834,1.04894,1.04913,1.00,1.37
2016.09.23 04:00:10.885,1.04895,1.04913,1.00,1.00
2016.09.23 04:00:11.567,1.04896,1.04914,1.00,1.00
2016.09.23 04:00:12.612,1.04896,1.04915,1.00,1.00
2016.09.23 04:00:12.713,1.04897,1.04916,1.00,1.00
2016.09.23 04:00:12.815,1.04899,1.04916,1.00,1.00
2016.09.23 04:00:13.231,1.04899,1.04916,1.00,1.00
2016.09.23 04:00:17.153,1.04898,1.04916,1.00,1.00
2016.09.23 04:00:17.370,1.04898,1.04916,1.00,1.00
2016.09.23 04:00:17.803,1.04898,1.04916,1.00,1.00
2016.09.23 04:00:18.088,1.04898,1.04916,1.00,1.00
2016.09.23 04:00:19.544,1.04899,1.04916,1.00,1.00
2016.09.23 04:00:19.778,1.04899,1.04922,1.00,1.00
2016.09.23 04:00:19.829,1.04897,1.0492,1.00,1.50
2016.09.23 04:00:19.910,1.04899,1.0492,1.00,1.00
2016.09.23 04:00:20.434,1.04899,1.04921,1.00,1.00
2016.09.23 04:00:22.363,1.04899,1.04921,1.00,1.12
2016.09.23 04:00:24.380,1.04899,1.04921,1.00,1.00
2016.09.23 04:00:25.251,1.04899,1.04922,1.00,1.00
2016.09.23 04:00:25.532,1.04899,1.04923,1.00,1.00
2016.09.23 04:00:26.044,1.04899,1.04922,1.00,1.00
2016.09.23 04:00:26.299,1.04899,1.04923,1.00,1.50
2016.09.23 04:00:26.502,1.04899,1.04923,1.00,1.00
2016.09.23 04:00:26.655,1.04899,1.04924,1.00,1.00
2016.09.23 04:00:26.751,1.04905,1.04924,1.87,1.00
2016.09.23 04:00:26.802,1.04907,1.04931,1.00,1.87
2016.09.23 04:00:26.853,1.04906,1.04929,1.00,1.00
2016.09.23 04:00:26.904,1.04911,1.04921,1.00,1.12
2016.09.23 04:00:27.006,1.04912,1.04933,1.12,2.25
2016.09.23 04:00:27.058,1.04912,1.04933,1.12,1.50
2016.09.23 04:00:27.109,1.04912,1.04934,1.00,2.25
2016.09.23 04:00:27.161,1.04911,1.04934,1.12,1.87
2016.09.23 04:00:27.212,1.0491,1.04933,2.25,1.00
2016.09.23 04:00:27.263,1.04913,1.04934,1.00,1.00
2016.09.23 04:00:27.501,1.04912,1.04933,1.00,1.50
2016.09.23 04:00:27.704,1.04911,1.04932,1.00,1.00
2016.09.23 04:00:28.110,1.04911,1.04931,1.00,1.00
2016.09.23 04:00:31.391,1.04916,1.04936,1.00,1.00
2016.09.23 04:00:31.522,1.04915,1.04936,1.00,2.25
2016.09.23 04:00:31.573,1.04916,1.04936,1.00,1.75
2016.09.23 04:00:31.624,1.04914,1.04935,1.00,1.75
2016.09.23 04:00:31.675,1.04915,1.04935,1.00,1.00
2016.09.23 04:00:31.725,1.04915,1.04934,1.00,1.00
2016.09.23 04:00:31.827,1.04916,1.04938,1.00,1.00
2016.09.23 04:00:31.878,1.04919,1.04938,1.00,1.00
2016.09.23 04:00:31.929,1.04918,1.04939,1.00,1.00
2016.09.23 04:00:31.980,1.0492,1.04941,1.00,1.50
2016.09.23 04:00:32.030,1.0492,1.04941,1.00,1.63
2016.09.23 04:00:32.081,1.04918,1.04939,1.12,1.00
2016.09.23 04:00:32.132,1.04921,1.04939,1.00,1.00
2016.09.23 04:00:32.385,1.04923,1.04939,1.00,1.12
2016.09.23 04:00:32.436,1.04923,1.04942,1.00,1.75
2016.09.23 04:00:32.623,1.04923,1.0494,1.00,1.50
2016.09.23 04:00:32.826,1.04923,1.04938,1.00,1.00
2016.09.23 04:00:33.133,1.0492,1.04938,1.00,1.00
2016.09.23 04:00:33.235,1.04919,1.04939,1.00,1.12
2016.09.23 04:00:33.813,1.04919,1.04939,1.00,1.00
2016.09.23 04:00:34.121,1.04919,1.04942,1.00,2.62
2016.09.23 04:00:34.172,1.0492,1.04942,1.00,1.87
2016.09.23 04:00:34.223,1.0492,1.04942,1.00,1.75
2016.09.23 04:00:34.533,1.04919,1.04942,1.00,2.25
2016.09.23 04:00:35.897,1.04919,1.04941,1.00,1.50
2016.09.23 04:00:36.169,1.04918,1.04941,1.00,2.25
2016.09.23 04:00:36.220,1.04919,1.04941,1.00,1.50
2016.09.23 04:00:36.270,1.04919,1.04939,1.00,1.00
2016.09.23 04:00:36.889,1.04918,1.04939,1.00,1.00
2016.09.23 04:00:37.150,1.04918,1.04939,1.00,1.12
2016.09.23 04:00:37.252,1.04918,1.04939,1.00,1.00
2016.09.23 04:00:37.607,1.0492,1.04941,1.00,1.50
2016.09.23 04:00:37.658,1.0492,1.04941,1.00,1.00
2016.09.23 04:00:37.708,1.04918,1.04941,1.00,1.00
2016.09.23 04:00:37.759,1.04917,1.04942,1.12,1.00
2016.09.23 04:00:37.810,1.04915,1.04942,1.87,1.00
2016.09.23 04:00:37.861,1.04917,1.04942,1.37,1.00
2016.09.23 04:00:37.977,1.04917,1.04942,1.75,1.00
2016.09.23 04:00:38.028,1.04918,1.04943,1.87,1.00
2016.09.23 04:00:38.293,1.0492,1.04943,1.00,1.00
2016.09.23 04:00:38.445,1.0492,1.04944,1.00,1.00
2016.09.23 04:00:38.648,1.0492,1.04945,1.00,1.12
2016.09.23 04:00:39.285,1.04919,1.04944,1.37,1.00
2016.09.23 04:00:39.597,1.0492,1.04944,1.00,1.00
2016.09.23 04:00:40.401,1.04919,1.04944,1.12,1.00
2016.09.23 04:00:40.453,1.04919,1.04948,1.75,1.00
2016.09.23 04:00:40.504,1.04919,1.04948,3.00,1.00
2016.09.23 04:00:40.555,1.04919,1.04948,3.37,1.00
2016.09.23 04:00:40.605,1.04919,1.04948,2.62,1.00
2016.09.23 04:00:40.711,1.0492,1.04948,1.50,1.00
2016.09.23 04:00:40.762,1.0492,1.0495,1.50,1.87
2016.09.23 04:00:41.755,1.04919,1.0495,2.62,1.87
2016.09.23 04:00:41.905,1.04919,1.0495,3.37,1.87
2016.09.23 04:00:41.955,1.0492,1.0495,1.50,1.87
2016.09.23 04:00:43.059,1.04919,1.0495,3.75,1.87
2016.09.23 04:00:44.012,1.04919,1.0495,3.00,1.87
2016.09.23 04:00:44.742,1.04919,1.0495,3.75,1.87
2016.09.23 04:00:44.793,1.04919,1.0495,3.00,1.87
2016.09.23 04:00:44.869,1.04919,1.04949,1.87,1.50
2016.09.23 04:00:44.920,1.04919,1.04946,1.00,1.37
2016.09.23 04:00:44.971,1.04918,1.04946,1.12,1.87
2016.09.23 04:00:45.022,1.04918,1.04942,1.00,1.00
2016.09.23 04:00:45.073,1.04915,1.04942,1.37,1.00
2016.09.23 04:00:45.124,1.04915,1.04942,1.00,1.00
2016.09.23 04:00:45.229,1.04914,1.04941,1.50,1.00
2016.09.23 04:00:45.330,1.04914,1.04941,2.25,1.00
2016.09.23 04:00:45.432,1.04914,1.04941,1.50,1.00
2016.09.23 04:00:45.527,1.04913,1.04941,3.75,1.00
2016.09.23 04:00:45.669,1.04914,1.04941,1.50,1.00
2016.09.23 04:00:45.820,1.04914,1.04941,2.25,1.00
2016.09.23 04:00:45.871,1.04914,1.04941,2.25,1.00
2016.09.23 04:00:45.922,1.0492,1.04944,1.00,1.12
2016.09.23 04:00:45.973,1.0492,1.04944,1.00,1.12
2016.09.23 04:00:46.024,1.04924,1.04947,1.75,1.50
2016.09.23 04:00:46.074,1.04924,1.04954,1.75,2.62
2016.09.23 04:00:46.126,1.04927,1.04949,1.00,1.00
2016.09.23 04:00:46.176,1.04927,1.04949,1.00,1.00
2016.09.23 04:00:46.310,1.04926,1.04953,1.50,1.00
2016.09.23 04:00:46.361,1.04926,1.04952,2.25,1.00
2016.09.23 04:00:46.463,1.04926,1.0495,2.25,1.00
2016.09.23 04:00:46.514,1.04927,1.0495,1.00,1.00
2016.09.23 04:00:46.717,1.04925,1.04951,1.12,1.00
2016.09.23 04:00:46.972,1.04925,1.04949,1.12,1.00
2016.09.23 04:00:47.023,1.04925,1.04949,1.00,1.00
2016.09.23 04:00:47.510,1.04923,1.04949,1.37,1.00
2016.09.23 04:00:47.765,1.04923,1.04949,1.37,1.00
2016.09.23 04:00:47.815,1.04923,1.04949,1.50,1.00
2016.09.23 04:00:47.973,1.04923,1.04949,1.50,1.00
2016.09.23 04:00:48.125,1.04923,1.04951,1.50,1.00
2016.09.23 04:00:48.176,1.04922,1.04951,2.25,1.00
2016.09.23 04:00:48.277,1.04923,1.04951,1.50,1.00
2016.09.23 04:00:48.434,1.04922,1.04951,1.75,1.00
2016.09.23 04:00:48.485,1.04922,1.04951,1.12,1.00
2016.09.23 04:00:48.536,1.04923,1.04948,1.50,1.00
2016.09.23 04:00:48.587,1.04923,1.04948,1.12,1.00
2016.09.23 04:00:48.638,1.04921,1.04949,1.87,1.37
2016.09.23 04:00:48.689,1.04921,1.04948,1.87,1.00
2016.09.23 04:00:48.815,1.04921,1.04949,1.87,1.87
2016.09.23 04:00:48.867,1.04921,1.04947,1.87,1.50
2016.09.23 04:00:48.918,1.04921,1.04948,1.87,1.75
2016.09.23 04:00:49.020,1.04921,1.04947,1.87,1.50
2016.09.23 04:00:49.070,1.04921,1.04947,1.37,1.50
2016.09.23 04:00:49.172,1.04921,1.04947,1.87,1.50
2016.09.23 04:00:50.385,1.04921,1.04947,1.37,1.50
2016.09.23 04:00:50.587,1.04921,1.04947,1.87,1.50
2016.09.23 04:00:51.163,1.04923,1.04947,2.25,1.50
2016.09.23 04:00:51.214,1.04923,1.04947,3.37,1.00
2016.09.23 04:00:51.264,1.04927,1.04953,1.00,2.25
2016.09.23 04:00:51.315,1.04926,1.04953,1.12,1.12
2016.09.23 04:00:51.442,1.04931,1.04956,1.00,1.00
2016.09.23 04:00:51.700,1.04931,1.04956,1.00,1.75
2016.09.23 04:00:51.936,1.04931,1.04954,1.00,1.37
2016.09.23 04:00:52.088,1.04931,1.04954,1.00,1.37
2016.09.23 04:00:52.139,1.04927,1.04953,1.00,1.12
2016.09.23 04:00:52.189,1.04927,1.04953,1.00,1.12
2016.09.23 04:00:52.240,1.04926,1.04952,2.62,1.00
2016.09.23 04:00:52.291,1.04926,1.04952,2.25,1.00
2016.09.23 04:00:52.341,1.04926,1.04951,1.37,1.12
2016.09.23 04:00:52.392,1.04926,1.04951,1.37,1.12
2016.09.23 04:00:52.444,1.04926,1.04951,1.37,1.00
2016.09.23 04:00:52.495,1.04926,1.04951,1.50,1.00
2016.09.23 04:00:52.594,1.04927,1.04951,1.87,1.00
2016.09.23 04:00:52.646,1.04931,1.04956,1.12,1.00
2016.09.23 04:00:52.748,1.0493,1.04956,1.37,1.00
2016.09.23 04:00:52.798,1.0493,1.04956,1.37,1.00
2016.09.23 04:00:52.849,1.04932,1.04957,1.50,1.00
2016.09.23 04:00:52.951,1.04931,1.04957,1.12,1.00
2016.09.23 04:00:53.002,1.04933,1.04957,1.37,1.00
2016.09.23 04:00:53.052,1.04932,1.04956,1.75,1.00
2016.09.23 04:00:53.104,1.04929,1.04956,2.25,1.00
2016.09.23 04:00:53.205,1.0493,1.04957,1.37,1.00
2016.09.23 04:00:53.408,1.04928,1.04955,1.50,1.00
2016.09.23 04:00:53.459,1.04928,1.04955,3.00,1.00
2016.09.23 04:00:53.560,1.04928,1.04955,2.25,1.00
2016.09.23 04:00:53.611,1.04928,1.04955,1.87,1.00
2016.09.23 04:00:53.897,1.04929,1.04956,1.37,1.00
2016.09.23 04:00:53.998,1.04929,1.04954,1.37,1.00
2016.09.23 04:00:54.049,1.04928,1.04954,1.12,1.00
2016.09.23 04:00:54.100,1.04928,1.04954,1.12,1.12
2016.09.23 04:00:54.151,1.04928,1.04952,1.12,1.00
2016.09.23 04:00:54.202,1.04928,1.04952,1.00,1.00
2016.09.23 04:00:54.354,1.04927,1.04952,1.87,1.00
2016.09.23 04:00:54.405,1.04927,1.04952,1.87,1.00
2016.09.23 04:00:54.506,1.04927,1.04952,1.50,1.00
2016.09.23 04:00:54.557,1.04928,1.04952,1.00,1.00
2016.09.23 04:00:54.659,1.04926,1.0495,3.37,1.00
2016.09.23 04:00:54.900,1.04926,1.04951,2.62,1.00
2016.09.23 04:00:56.151,1.04926,1.04951,3.37,1.00
2016.09.23 04:00:56.552,1.04926,1.04951,2.62,1.00
2016.09.23 04:00:56.955,1.04926,1.04951,3.37,1.00
2016.09.23 04:00:57.071,1.04926,1.04951,3.37,1.00
2016.09.23 04:00:57.122,1.04926,1.04951,2.62,1.00
2016.09.23 04:00:57.173,1.04927,1.0495,1.50,1.00
2016.09.23 04:00:57.223,1.04926,1.0495,1.37,1.00
2016.09.23 04:00:57.528,1.04925,1.0495,1.75,1.00
2016.09.23 04:00:57.579,1.04925,1.04949,1.12,1.00
2016.09.23 04:00:57.705,1.04923,1.04949,1.75,1.12
2016.09.23 04:00:57.756,1.04922,1.04947,1.50,1.00
2016.09.23 04:00:57.908,1.04924,1.04947,1.37,1.00
2016.09.23 04:00:57.959,1.04925,1.04952,1.50,1.75
2016.09.23 04:00:58.010,1.04927,1.04952,1.75,1.75
2016.09.23 04:00:58.061,1.04929,1.04953,1.87,1.00
2016.09.23 04:00:58.112,1.04929,1.04953,1.87,1.00
2016.09.23 04:00:58.163,1.0493,1.04953,1.37,1.00
2016.09.23 04:00:58.214,1.0493,1.04953,1.37,1.00
2016.09.23 04:00:58.366,1.04928,1.04953,2.25,1.00
2016.09.23 04:00:58.417,1.04928,1.04953,2.25,1.00
2016.09.23 04:00:58.468,1.04928,1.04951,1.12,1.00
2016.09.23 04:01:00.000,1.04929,1.04951,1.12,1.00
2016.09.23 04:01:00.111,1.04928,1.04951,1.12,1.00
2016.09.23 04:01:00.162,1.04928,1.04951,1.37,1.00
2016.09.23 04:01:00.213,1.04927,1.04951,1.87,1.00
2016.09.23 04:01:00.263,1.04927,1.04951,1.37,1.00
2016.09.23 04:01:00.365,1.04925,1.0495,3.37,1.00
2016.09.23 04:01:00.466,1.04925,1.0495,2.62,1.00
2016.09.23 04:01:00.645,1.04925,1.04951,3.37,1.00
2016.09.23 04:01:00.696,1.04925,1.04951,2.62,1.00
2016.09.23 04:01:00.797,1.04925,1.0495,3.37,1.00
2016.09.23 04:01:01.000,1.04925,1.0495,2.62,1.00
2016.09.23 04:01:01.467,1.04925,1.0495,3.37,1.00
2016.09.23 04:01:02.086,1.04925,1.04949,3.37,1.00
2016.09.23 04:01:02.136,1.04927,1.04949,1.00,1.00
2016.09.23 04:01:02.643,1.04927,1.0495,1.00,1.00
2016.09.23 04:01:03.119,1.04927,1.0495,1.00,1.00
2016.09.23 04:01:03.272,1.04927,1.0495,1.00,1.00
2016.09.23 04:01:03.323,1.04927,1.0495,1.00,1.00
2016.09.23 04:01:03.576,1.04927,1.0495,1.12,1.00
2016.09.23 04:01:03.718,1.04927,1.0495,1.75,1.00
2016.09.23 04:01:03.769,1.04928,1.04952,1.37,1.00
2016.09.23 04:01:03.820,1.04927,1.04952,1.50,1.00
2016.09.23 04:01:03.973,1.04925,1.04949,1.12,1.00
2016.09.23 04:01:04.074,1.04925,1.04949,1.87,1.00
2016.09.23 04:01:04.175,1.04925,1.0495,1.12,1.00
2016.09.23 04:01:04.226,1.04925,1.0495,2.62,1.00
2016.09.23 04:01:04.277,1.04925,1.04952,3.37,1.00
2016.09.23 04:01:04.328,1.04925,1.04952,2.62,1.00
2016.09.23 04:01:04.379,1.04925,1.04952,1.37,1.00
2016.09.23 04:01:04.429,1.04923,1.04952,2.25,1.50
2016.09.23 04:01:04.480,1.04923,1.04947,1.37,1.00
2016.09.23 04:01:04.531,1.0492,1.04947,1.87,1.00
2016.09.23 04:01:04.582,1.04922,1.04947,1.00,1.00
2016.09.23 04:01:04.699,1.04922,1.04947,1.50,1.00
2016.09.23 04:01:04.797,1.04922,1.04947,1.00,1.00
2016.09.23 04:01:04.882,1.04921,1.04947,1.37,1.00
2016.09.23 04:01:04.984,1.04921,1.04947,1.87,1.00
2016.09.23 04:01:05.447,1.04921,1.04945,1.87,1.00
2016.09.23 04:01:05.498,1.04922,1.04945,1.12,1.00
2016.09.23 04:01:05.548,1.04921,1.04947,1.12,1.00
2016.09.23 04:01:05.675,1.04921,1.04947,1.87,1.00
2016.09.23 04:01:06.118,1.0492,1.04947,1.12,1.00
2016.09.23 04:01:06.169,1.0492,1.04945,1.12,1.00
2016.09.23 04:01:06.231,1.0492,1.04945,2.62,1.00
2016.09.23 04:01:06.678,1.0492,1.04945,1.87,1.00
2016.09.23 04:01:06.928,1.0492,1.04945,2.62,1.00
2016.09.23 04:01:07.151,1.0492,1.04945,3.37,1.00
2016.09.23 04:01:07.202,1.04921,1.04945,1.12,1.00
2016.09.23 04:01:08.083,1.04921,1.04946,1.12,1.00
2016.09.23 04:01:08.134,1.0492,1.04946,2.25,1.00
2016.09.23 04:01:08.185,1.0492,1.04947,3.00,1.00
2016.09.23 04:01:08.288,1.04922,1.04948,1.00,1.00
2016.09.23 04:01:08.542,1.04922,1.04948,1.00,1.00
2016.09.23 04:01:08.592,1.0492,1.04947,3.00,1.00
2016.09.23 04:01:08.694,1.0492,1.04947,2.25,1.00
2016.09.23 04:01:09.083,1.0492,1.04947,3.00,1.00
2016.09.23 04:01:09.286,1.0492,1.04947,2.25,1.00
2016.09.23 04:01:09.388,1.0492,1.04947,3.00,1.00
2016.09.23 04:01:09.489,1.0492,1.04947,2.25,1.00
2016.09.23 04:01:09.694,1.0492,1.04947,3.00,1.00
2016.09.23 04:01:10.486,1.0492,1.04947,2.25,1.00
2016.09.23 04:01:10.711,1.0492,1.04947,1.87,1.00
2016.09.23 04:01:10.911,1.0492,1.04947,1.87,1.12
2016.09.23 04:01:11.024,1.0492,1.04947,2.62,1.12
2016.09.23 04:01:11.088,1.0492,1.04947,1.87,1.12
2016.09.23 04:01:11.231,1.04922,1.04946,1.00,1.00
2016.09.23 04:01:11.353,1.04922,1.04944,1.00,1.00
2016.09.23 04:01:13.500,1.04921,1.04943,1.12,1.00
2016.09.23 04:01:13.550,1.04921,1.04943,1.12,1.00
2016.09.23 04:01:13.601,1.04921,1.04943,1.00,1.00
2016.09.23 04:01:13.652,1.04921,1.04943,1.00,1.00
2016.09.23 04:01:13.805,1.0492,1.04942,2.25,1.00
2016.09.23 04:01:14.647,1.0492,1.04942,1.87,1.00
2016.09.23 04:01:14.720,1.0492,1.04942,1.50,1.00
2016.09.23 04:01:14.771,1.0492,1.04942,1.00,1.00
2016.09.23 04:01:14.822,1.0492,1.04943,1.00,1.00
2016.09.23 04:01:14.905,1.04918,1.04943,1.00,1.00
2016.09.23 04:01:14.956,1.04918,1.04943,1.00,1.00
2016.09.23 04:01:15.007,1.04918,1.04941,1.00,1.00
2016.09.23 04:01:15.159,1.04914,1.0494,1.87,1.00
2016.09.23 04:01:15.362,1.04914,1.0494,1.37,1.00
2016.09.23 04:01:15.414,1.04914,1.0494,1.87,1.00
2016.09.23 04:01:15.506,1.04914,1.0494,2.62,1.00
2016.09.23 04:01:15.625,1.04914,1.0494,1.87,1.00
2016.09.23 04:01:15.700,1.04914,1.0494,1.37,1.00
2016.09.23 04:01:16.050,1.04914,1.0494,1.87,1.00
2016.09.23 04:01:16.151,1.04914,1.0494,2.62,1.00
2016.09.23 04:01:16.253,1.04914,1.0494,1.87,1.00
2016.09.23 04:01:16.363,1.04914,1.0494,1.87,1.12
2016.09.23 04:01:16.414,1.04914,1.0494,1.37,1.12
2016.09.23 04:01:16.465,1.04914,1.0494,1.87,1.00
2016.09.23 04:01:16.566,1.04914,1.0494,1.37,1.00
2016.09.23 04:01:16.668,1.04914,1.04941,1.37,1.00
2016.09.23 04:01:16.759,1.04914,1.04942,1.87,1.00
2016.09.23 04:01:16.810,1.04914,1.04942,2.62,1.00
2016.09.23 04:01:16.922,1.04914,1.04942,1.87,1.00
2016.09.23 04:01:17.004,1.04914,1.04942,2.62,1.00
2016.09.23 04:01:17.207,1.04914,1.04942,2.25,1.00
2016.09.23 04:01:17.465,1.04914,1.04943,2.25,1.00
2016.09.23 04:01:17.605,1.04914,1.04943,3.00,1.00
2016.09.23 04:01:18.456,1.04914,1.04943,2.25,1.00
2016.09.23 04:01:18.559,1.04914,1.04943,3.00,1.00
2016.09.23 04:01:18.610,1.04914,1.04943,2.25,1.00
2016.09.23 04:01:18.934,1.04914,1.04943,1.50,1.00
2016.09.23 04:01:19.306,1.04914,1.04943,2.25,1.00
2016.09.23 04:01:20.061,1.04914,1.04943,3.00,1.00
2016.09.23 04:01:22.516,1.04914,1.04943,3.75,1.00
2016.09.23 04:01:24.201,1.04914,1.04943,3.00,1.00
2016.09.23 04:01:24.251,1.04914,1.04943,2.25,1.00
2016.09.23 04:01:24.302,1.04914,1.04941,2.25,1.00
2016.09.23 04:01:24.353,1.04914,1.04941,2.25,1.00
2016.09.23 04:01:24.454,1.04914,1.04941,2.25,1.00
2016.09.23 04:01:24.505,1.04914,1.04943,2.25,1.00
2016.09.23 04:01:24.556,1.04916,1.04943,2.62,1.00
2016.09.23 04:01:24.607,1.04919,1.04944,1.75,1.12
2016.09.23 04:01:24.700,1.04919,1.04944,1.75,1.00
2016.09.23 04:01:24.751,1.04919,1.04944,1.75,1.00
2016.09.23 04:01:24.818,1.04919,1.04943,1.00,1.00
2016.09.23 04:01:24.927,1.04919,1.04943,1.12,1.00
2016.09.23 04:01:25.030,1.04919,1.04943,1.00,1.00
2016.09.23 04:01:25.384,1.04919,1.04941,1.00,1.00
2016.09.23 04:01:25.789,1.04919,1.0494,1.00,1.00
2016.09.23 04:01:26.273,1.04919,1.0494,1.00,1.37
2016.09.23 04:01:29.785,1.04919,1.0494,1.00,1.37
2016.09.23 04:01:29.992,1.04919,1.0494,1.00,1.37
2016.09.23 04:01:30.245,1.04919,1.0494,1.00,1.37
2016.09.23 04:01:31.022,1.04919,1.04939,1.00,1.12
2016.09.23 04:01:31.073,1.04916,1.04939,1.12,1.12
2016.09.23 04:01:31.124,1.04916,1.04938,1.12,1.00
2016.09.23 04:01:31.811,1.04916,1.0494,1.12,1.37
2016.09.23 04:01:31.862,1.04916,1.0494,1.00,1.37
2016.09.23 04:01:33.332,1.04916,1.0494,1.00,1.16
2016.09.23 04:01:34.013,1.04916,1.0494,1.00,1.00
2016.09.23 04:01:34.324,1.04916,1.04941,1.00,1.00
2016.09.23 04:01:34.727,1.04916,1.0494,1.50,1.00
2016.09.23 04:01:34.882,1.04916,1.0494,1.50,1.50
2016.09.23 04:01:35.095,1.04916,1.04939,1.50,1.00
2016.09.23 04:01:36.065,1.04916,1.04939,1.50,1.00
2016.09.23 04:01:36.878,1.04916,1.04939,1.50,1.00
2016.09.23 04:01:37.343,1.04916,1.04938,1.87,1.00
2016.09.23 04:01:37.444,1.04916,1.04937,1.00,1.00
2016.09.23 04:01:37.546,1.04914,1.04936,1.50,1.00
2016.09.23 04:01:37.597,1.04913,1.04936,2.62,1.00
2016.09.23 04:01:38.099,1.04913,1.04936,2.25,1.00
2016.09.23 04:01:38.150,1.04913,1.04936,1.87,1.00
2016.09.23 04:01:38.353,1.04913,1.04936,2.25,1.00
2016.09.23 04:01:38.404,1.04913,1.04937,2.25,1.50
2016.09.23 04:01:38.505,1.04913,1.04937,2.25,1.00
2016.09.23 04:01:38.556,1.04913,1.04937,2.62,1.00
2016.09.23 04:01:38.657,1.04915,1.04937,1.00,1.00
2016.09.23 04:01:38.708,1.04916,1.04938,1.00,1.00
2016.09.23 04:01:38.759,1.04916,1.04938,1.12,1.00
2016.09.23 04:01:38.911,1.04916,1.04938,1.12,1.00
2016.09.23 04:01:39.171,1.04916,1.04938,1.12,1.00
2016.09.23 04:01:40.606,1.04916,1.04938,1.12,1.00
2016.09.23 04:01:40.790,1.04916,1.04938,1.12,1.00
2016.09.23 04:01:40.841,1.04916,1.04938,1.87,1.00
2016.09.23 04:01:40.892,1.04917,1.04938,1.12,1.00
2016.09.23 04:01:40.993,1.04917,1.0494,1.12,1.00
2016.09.23 04:01:41.044,1.04916,1.0494,2.25,1.00
2016.09.23 04:01:41.095,1.04916,1.0494,2.62,1.00
2016.09.23 04:01:41.146,1.04917,1.0494,1.12,1.00
2016.09.23 04:01:41.661,1.04918,1.0494,1.12,1.00
2016.09.23 04:01:44.906,1.04918,1.04939,1.12,1.00
2016.09.23 04:01:45.008,1.04918,1.0494,1.12,1.00
2016.09.23 04:01:45.058,1.04918,1.0494,1.37,1.00
2016.09.23 04:01:45.210,1.04917,1.0494,1.37,1.50
2016.09.23 04:01:45.261,1.04917,1.0494,1.50,1.50
2016.09.23 04:01:45.418,1.04917,1.04939,2.25,1.00
2016.09.23 04:01:45.521,1.04917,1.04939,2.25,1.00
2016.09.23 04:01:45.724,1.04917,1.04939,2.25,1.00
2016.09.23 04:01:45.775,1.04918,1.04939,1.37,1.00
2016.09.23 04:01:45.826,1.04918,1.04939,1.12,1.00
2016.09.23 04:01:45.928,1.04917,1.04939,1.87,1.00
2016.09.23 04:01:46.030,1.04917,1.04939,1.87,1.00
2016.09.23 04:01:46.276,1.04917,1.04938,1.87,1.50
2016.09.23 04:01:46.327,1.04917,1.04938,1.12,1.50
2016.09.23 04:01:46.428,1.04917,1.04938,1.00,1.00
2016.09.23 04:01:46.632,1.04917,1.04939,1.50,1.00
2016.09.23 04:01:46.784,1.04917,1.04939,2.25,1.00
2016.09.23 04:01:47.373,1.04917,1.04938,2.25,1.00
2016.09.23 04:01:47.617,1.04917,1.04938,1.50,1.00
2016.09.23 04:01:47.825,1.04917,1.04938,1.50,1.00
2016.09.23 04:01:49.009,1.04917,1.04938,1.50,1.00
2016.09.23 04:01:49.061,1.04917,1.04939,2.25,1.50
2016.09.23 04:01:49.112,1.04917,1.04938,1.50,1.00
2016.09.23 04:01:49.163,1.04918,1.04939,1.00,1.00
2016.09.23 04:01:49.214,1.04918,1.04938,1.00,1.00
2016.09.23 04:01:49.265,1.04917,1.04938,1.37,1.00
2016.09.23 04:01:49.317,1.04916,1.04938,1.00,1.00
2016.09.23 04:01:49.368,1.04916,1.04938,1.75,1.00
2016.09.23 04:01:49.419,1.04916,1.04938,1.75,1.00
2016.09.23 04:01:49.538,1.04916,1.04938,1.75,1.00
2016.09.23 04:01:50.860,1.04916,1.04938,1.75,1.00
2016.09.23 04:01:50.913,1.04916,1.04938,1.75,1.00
2016.09.23 04:01:51.406,1.04916,1.04938,1.75,1.00
2016.09.23 04:01:53.880,1.04916,1.0494,1.75,1.00
2016.09.23 04:01:54.010,1.04916,1.04939,1.37,1.00
2016.09.23 04:01:54.061,1.04916,1.04939,1.75,1.00
2016.09.23 04:01:54.112,1.04916,1.04939,1.75,1.00
2016.09.23 04:01:54.214,1.04916,1.04939,1.75,1.00
2016.09.23 04:01:54.265,1.04916,1.04939,2.25,1.00
2016.09.23 04:01:54.316,1.04918,1.04939,1.12,1.00
2016.09.23 04:01:54.519,1.04918,1.0494,1.12,1.50
2016.09.23 04:01:54.620,1.04918,1.0494,1.12,1.00
2016.09.23 04:01:55.234,1.04918,1.0494,1.37,1.00
2016.09.23 04:01:58.611,1.04918,1.0494,1.37,1.00
2016.09.23 04:02:01.256,1.04918,1.0494,1.87,1.00
2016.09.23 04:02:01.459,1.04918,1.0494,1.87,1.00
2016.09.23 04:02:02.171,1.04918,1.04939,1.12,1.00
2016.09.23 04:02:02.273,1.04918,1.0494,1.87,1.00
2016.09.23 04:02:02.820,1.04918,1.0494,1.87,1.00
2016.09.23 04:02:02.923,1.04918,1.0494,1.87,1.00
2016.09.23 04:02:02.974,1.04919,1.0494,1.50,1.00
2016.09.23 04:02:03.075,1.04919,1.0494,2.25,1.00
2016.09.23 04:02:03.421,1.04919,1.0494,2.25,1.00
2016.09.23 04:02:03.473,1.0492,1.0494,1.00,1.00
2016.09.23 04:02:03.626,1.0492,1.0494,1.00,1.00
2016.09.23 04:02:03.964,1.0492,1.0494,1.00,1.00
2016.09.23 04:02:04.128,1.0492,1.0494,1.00,1.00
2016.09.23 04:02:04.534,1.0492,1.0494,1.00,1.00
2016.09.23 04:02:05.056,1.04919,1.0494,1.87,1.00
2016.09.23 04:02:06.226,1.04919,1.0494,1.87,1.00
2016.09.23 04:02:06.480,1.04919,1.0494,2.25,1.00
2016.09.23 04:02:06.627,1.04919,1.0494,2.25,1.00
2016.09.23 04:02:06.944,1.04919,1.0494,1.87,1.00
2016.09.23 04:02:07.046,1.04919,1.0494,1.50,1.00
2016.09.23 04:02:07.148,1.04919,1.0494,1.50,1.00
2016.09.23 04:02:07.801,1.04919,1.0494,1.00,1.00
2016.09.23 04:02:07.879,1.04919,1.0494,1.00,1.50
2016.09.23 04:02:11.034,1.04919,1.04939,1.00,1.00
2016.09.23 04:02:13.337,1.04919,1.04938,1.00,1.00
2016.09.23 04:02:15.540,1.04919,1.04939,1.00,1.00
2016.09.23 04:02:21.664,1.04917,1.04938,1.12,1.00
2016.09.23 04:02:21.714,1.04916,1.04938,3.00,1.00
2016.09.23 04:02:21.849,1.04916,1.04938,3.00,1.00
2016.09.23 04:02:21.900,1.04917,1.04938,1.12,1.00
2016.09.23 04:02:23.553,1.04917,1.0494,1.12,1.50
2016.09.23 04:02:24.451,1.04917,1.04939,1.12,1.00
2016.09.23 04:02:29.859,1.04917,1.04939,1.00,1.00
2016.09.23 04:02:30.330,1.04917,1.04938,1.00,1.00
2016.09.23 04:02:30.482,1.04917,1.04937,1.00,1.50
2016.09.23 04:02:30.673,1.04917,1.04937,1.00,1.50
2016.09.23 04:02:30.876,1.04917,1.04937,1.00,1.50
2016.09.23 04:02:30.927,1.04917,1.04937,1.00,1.00
2016.09.23 04:02:31.079,1.04917,1.04937,1.00,1.00
2016.09.23 04:02:34.498,1.04916,1.04936,1.12,1.00
2016.09.23 04:02:35.063,1.04916,1.04937,1.12,1.00
2016.09.23 04:02:38.751,1.04916,1.04936,1.12,1.00
2016.09.23 04:02:39.963,1.04916,1.04937,1.87,1.00
2016.09.23 04:02:40.014,1.04917,1.04939,1.00,1.50
2016.09.23 04:02:40.065,1.04918,1.04939,1.00,1.00
2016.09.23 04:02:40.116,1.04916,1.04938,1.12,1.00
2016.09.23 04:02:40.167,1.04919,1.04937,1.00,1.00
2016.09.23 04:02:40.218,1.0492,1.04936,1.00,1.00
2016.09.23 04:02:40.269,1.0492,1.04938,1.00,1.00
2016.09.23 04:02:40.320,1.0492,1.04937,1.00,1.00
2016.09.23 04:02:40.500,1.0492,1.04935,1.00,1.00
2016.09.23 04:02:40.551,1.04913,1.04935,1.37,1.00
2016.09.23 04:02:40.653,1.04911,1.04935,1.75,1.00
2016.09.23 04:02:40.704,1.04915,1.04935,1.00,1.00
2016.09.23 04:02:40.805,1.04915,1.04935,1.00,1.00
2016.09.23 04:02:40.907,1.04911,1.04935,1.37,1.50
2016.09.23 04:02:40.958,1.04913,1.04935,1.00,1.50
2016.09.23 04:02:41.059,1.04911,1.04935,1.00,1.50
2016.09.23 04:02:41.695,1.0491,1.04933,1.87,1.00
2016.09.23 04:02:41.746,1.0491,1.04933,2.62,1.00
2016.09.23 04:02:43.112,1.0491,1.04933,1.87,1.00
2016.09.23 04:02:43.163,1.0491,1.04933,1.50,1.00
2016.09.23 04:02:43.214,1.0491,1.04932,1.50,1.00
2016.09.23 04:02:43.316,1.0491,1.04932,1.12,1.00
2016.09.23 04:02:44.270,1.04909,1.04931,3.00,1.00
2016.09.23 04:02:44.667,1.0491,1.04931,1.00,1.00
2016.09.23 04:02:45.086,1.04909,1.04931,3.00,1.00
2016.09.23 04:02:45.318,1.04909,1.04931,3.00,1.50
2016.09.23 04:02:45.517,1.04909,1.04931,3.00,1.50
2016.09.23 04:02:45.572,1.04909,1.04931,2.25,1.50
2016.09.23 04:02:46.825,1.04909,1.0493,2.25,1.00
2016.09.23 04:02:47.265,1.0491,1.04931,1.12,1.00
2016.09.23 04:02:47.316,1.0491,1.04933,1.87,1.00
2016.09.23 04:02:47.453,1.0491,1.04933,2.25,1.00
2016.09.23 04:02:47.505,1.04912,1.04933,1.00,1.00
2016.09.23 04:02:47.556,1.04911,1.04933,1.12,1.00
2016.09.23 04:02:47.708,1.04911,1.04933,1.12,1.00
2016.09.23 04:02:48.803,1.04911,1.04933,1.12,1.00
2016.09.23 04:02:51.306,1.04911,1.04933,1.12,1.00
2016.09.23 04:02:53.008,1.04911,1.04933,1.12,1.00
2016.09.23 04:02:53.970,1.04911,1.04933,1.00,1.00
2016.09.23 04:02:54.431,1.04912,1.04934,1.37,1.00
2016.09.23 04:02:54.533,1.04912,1.04934,1.37,1.00
2016.09.23 04:02:55.080,1.04913,1.04934,1.12,1.00
2016.09.23 04:02:55.391,1.04913,1.04935,1.12,1.50
2016.09.23 04:02:55.441,1.04913,1.04935,1.12,1.50
2016.09.23 04:02:55.492,1.04913,1.04935,1.12,1.00
2016.09.23 04:02:55.994,1.04913,1.04936,1.12,1.00
2016.09.23 04:02:57.714,1.04913,1.04936,1.12,1.00
2016.09.23 04:02:59.661,1.04913,1.04936,1.50,1.00
2016.09.23 04:03:00.924,1.04913,1.04936,1.50,1.00
2016.09.23 04:03:00.975,1.04913,1.04933,1.50,1.00
2016.09.23 04:03:01.026,1.04911,1.04929,1.37,1.00
2016.09.23 04:03:01.077,1.04909,1.04929,1.75,1.00
2016.09.23 04:03:01.128,1.04909,1.04927,1.37,1.00
2016.09.23 04:03:01.179,1.04909,1.04927,1.00,1.00
2016.09.23 04:03:01.230,1.04906,1.04927,1.00,1.50
2016.09.23 04:03:01.331,1.04905,1.04927,1.37,1.50
2016.09.23 04:03:01.382,1.04905,1.04925,1.37,1.00
2016.09.23 04:03:01.433,1.04905,1.04925,1.37,1.00
2016.09.23 04:03:01.591,1.04905,1.04923,1.12,1.00
2016.09.23 04:03:01.642,1.04906,1.04927,1.37,1.00
2016.09.23 04:03:01.693,1.04909,1.04927,1.12,1.00
2016.09.23 04:03:01.745,1.04909,1.04928,1.75,1.00
2016.09.23 04:03:01.796,1.04909,1.04928,1.12,1.00
2016.09.23 04:03:01.847,1.04909,1.0493,1.12,1.50
2016.09.23 04:03:01.949,1.04909,1.0493,1.12,1.00
2016.09.23 04:03:02.051,1.04909,1.0493,1.12,1.00
2016.09.23 04:03:02.153,1.0491,1.0493,1.12,1.00
2016.09.23 04:03:02.255,1.0491,1.0493,1.12,1.00
2016.09.23 04:03:02.357,1.0491,1.0493,1.12,1.00
2016.09.23 04:03:02.592,1.0491,1.0493,1.12,1.00
2016.09.23 04:03:03.426,1.04909,1.0493,1.12,1.00
2016.09.23 04:03:03.557,1.0491,1.0493,1.12,1.00
2016.09.23 04:03:04.124,1.04909,1.0493,1.12,1.00
2016.09.23 04:03:04.442,1.04909,1.0493,1.12,1.00
2016.09.23 04:03:05.526,1.04909,1.0493,1.12,1.00
2016.09.23 04:03:05.751,1.0491,1.0493,1.37,1.00
2016.09.23 04:03:06.597,1.0491,1.0493,1.00,1.00
2016.09.23 04:03:06.648,1.0491,1.04929,1.00,1.00
2016.09.23 04:03:06.749,1.0491,1.04931,1.00,1.50
2016.09.23 04:03:06.851,1.04909,1.04931,1.87,1.00
2016.09.23 04:03:06.901,1.04909,1.04931,2.62,1.00
2016.09.23 04:03:06.952,1.0491,1.04932,1.75,1.00
2016.09.23 04:03:07.053,1.0491,1.04933,1.75,1.50
2016.09.23 04:03:07.155,1.0491,1.04933,1.75,1.00
2016.09.23 04:03:07.258,1.0491,1.04933,1.75,1.50
2016.09.23 04:03:07.469,1.0491,1.04933,1.75,1.50
2016.09.23 04:03:09.839,1.04911,1.04933,1.00,1.50
2016.09.23 04:03:15.143,1.04911,1.04933,1.00,1.50
2016.09.23 04:03:15.203,1.0491,1.04933,1.75,1.50
2016.09.23 04:03:16.744,1.0491,1.04933,1.75,1.50
2016.09.23 04:03:16.846,1.04911,1.04933,1.37,1.50
2016.09.23 04:03:19.421,1.0491,1.04933,1.12,1.50
2016.09.23 04:03:19.522,1.04909,1.04933,2.25,1.50
2016.09.23 04:03:19.793,1.04908,1.04931,1.75,1.00
2016.09.23 04:03:19.860,1.04908,1.0493,1.12,1.00
2016.09.23 04:03:19.920,1.04907,1.04929,1.50,1.00
2016.09.23 04:03:19.971,1.04907,1.04927,1.12,1.00
2016.09.23 04:03:20.022,1.04904,1.04926,2.62,1.50
2016.09.23 04:03:20.073,1.04904,1.04926,2.62,1.50
2016.09.23 04:03:20.123,1.04904,1.04926,1.87,1.00
2016.09.23 04:03:20.174,1.04904,1.04926,1.50,1.00
2016.09.23 04:03:22.339,1.04904,1.04925,1.50,1.00
2016.09.23 04:03:22.391,1.04903,1.04926,2.62,1.00
2016.09.23 04:03:22.443,1.04903,1.04926,1.87,1.50
2016.09.23 04:03:22.545,1.04903,1.04926,1.87,1.00
2016.09.23 04:03:22.952,1.04903,1.04926,1.87,1.50
2016.09.23 04:03:23.392,1.04903,1.04926,3.00,1.50
2016.09.23 04:03:23.443,1.04904,1.04926,1.50,1.50
2016.09.23 04:03:23.932,1.04904,1.04926,1.50,1.00
2016.09.23 04:03:23.982,1.04905,1.04927,1.37,1.50
2016.09.23 04:03:29.941,1.04905,1.04927,1.37,1.00
2016.09.23 04:03:35.062,1.04903,1.04927,3.00,1.00
2016.09.23 04:03:36.012,1.04915,1.04928,1.00,1.00
2016.09.23 04:03:36.063,1.04916,1.0493,1.00,1.00
2016.09.23 04:03:36.114,1.04916,1.0493,1.00,1.00
2016.09.23 04:03:36.266,1.04916,1.04931,1.00,1.00
2016.09.23 04:03:36.975,1.04916,1.04929,1.00,1.00
2016.09.23 04:03:37.272,1.04919,1.0493,1.00,1.00
2016.09.23 04:03:37.373,1.04919,1.04931,1.00,1.00
2016.09.23 04:03:44.261,1.04919,1.04931,1.00,1.50
2016.09.23 04:03:44.362,1.04917,1.0493,1.00,1.37
2016.09.23 04:03:44.464,1.04917,1.04931,1.00,1.75
2016.09.23 04:03:44.514,1.04917,1.0493,1.00,1.75
2016.09.23 04:03:44.565,1.04915,1.04928,1.00,1.75
2016.09.23 04:03:44.920,1.04914,1.04927,1.00,1.75
2016.09.23 04:03:45.073,1.04914,1.04928,1.00,1.87
2016.09.23 04:03:45.175,1.04915,1.04929,1.00,2.25
2016.09.23 04:03:45.361,1.04915,1.04929,1.00,1.12
2016.09.23 04:03:45.438,1.04918,1.0493,1.00,1.00
2016.09.23 04:03:45.489,1.04918,1.04932,1.00,1.00
2016.09.23 04:03:45.793,1.04919,1.04933,1.00,1.00
2016.09.23 04:03:46.365,1.04919,1.04932,1.00,1.00
2016.09.23 04:03:49.069,1.04923,1.04934,1.00,1.00
2016.09.23 04:03:49.120,1.04929,1.04937,1.00,1.12
2016.09.23 04:03:49.222,1.04931,1.04942,1.00,1.00
2016.09.23 04:03:49.274,1.04931,1.04944,1.00,1.00
2016.09.23 04:03:49.325,1.04931,1.04945,1.00,1.00
2016.09.23 04:03:49.377,1.04933,1.04947,1.00,1.00
2016.09.23 04:03:49.428,1.04934,1.04947,1.00,1.50
2016.09.23 04:03:49.531,1.04936,1.04947,1.00,1.00
2016.09.23 04:03:49.582,1.04936,1.04949,1.00,1.00
2016.09.23 04:03:49.633,1.04938,1.04949,1.00,1.00
2016.09.23 04:03:49.969,1.04941,1.04953,1.00,1.00
2016.09.23 04:03:50.172,1.04943,1.04955,1.00,1.12
2016.09.23 04:03:50.324,1.04943,1.04955,1.00,1.00
2016.09.23 04:03:50.377,1.04944,1.04956,1.00,1.00
2016.09.23 04:03:50.478,1.04941,1.04956,1.00,1.00
2016.09.23 04:03:50.529,1.0494,1.04956,1.00,1.12
2016.09.23 04:03:50.580,1.04941,1.04953,1.00,1.00
2016.09.23 04:03:51.102,1.04941,1.04952,1.00,1.00
2016.09.23 04:03:52.345,1.0494,1.04952,1.00,1.00
2016.09.23 04:03:52.396,1.0494,1.04952,1.00,1.12
2016.09.23 04:03:52.548,1.04938,1.04952,1.00,1.12
2016.09.23 04:03:52.599,1.04938,1.04949,1.00,1.00
2016.09.23 04:03:52.802,1.04938,1.04951,1.00,2.25
2016.09.23 04:03:53.219,1.04938,1.0495,1.00,1.12
2016.09.23 04:03:53.734,1.04937,1.0495,1.00,1.12
2016.09.23 04:03:54.510,1.04937,1.04949,1.00,1.00
2016.09.23 04:03:54.612,1.04937,1.04951,1.00,2.62
2016.09.23 04:03:54.713,1.04936,1.04949,1.00,1.00
2016.09.23 04:03:55.608,1.04937,1.04949,1.00,1.00
2016.09.23 04:03:55.710,1.04936,1.04952,1.00,1.50
2016.09.23 04:03:56.258,1.04938,1.04952,1.00,1.50
2016.09.23 04:03:56.309,1.0494,1.04952,1.00,1.00
2016.09.23 04:03:56.411,1.04941,1.04955,1.00,1.00
2016.09.23 04:03:56.545,1.04944,1.04958,1.00,1.00
2016.09.23 04:03:56.697,1.04944,1.0496,1.00,1.12
2016.09.23 04:03:57.205,1.04945,1.0496,1.00,1.12
2016.09.23 04:03:58.114,1.04945,1.0496,1.00,1.12
2016.09.23 04:03:58.384,1.04945,1.0496,1.00,1.12
2016.09.23 04:03:58.587,1.04944,1.04958,1.00,1.00
2016.09.23 04:03:58.689,1.04943,1.04959,1.00,1.50
2016.09.23 04:03:58.740,1.04943,1.04959,1.00,2.25
2016.09.23 04:03:58.790,1.04943,1.04957,1.00,1.00
2016.09.23 04:03:58.892,1.04943,1.04958,1.00,1.37
2016.09.23 04:03:59.076,1.04943,1.04959,1.00,1.87
2016.09.23 04:04:01.939,1.04942,1.04959,1.00,1.87
2016.09.23 04:04:02.041,1.04938,1.04957,1.00,1.87
2016.09.23 04:04:02.092,1.04938,1.04956,1.00,1.00
2016.09.23 04:04:02.143,1.04938,1.04956,1.00,1.00
2016.09.23 04:04:02.193,1.04938,1.04952,1.00,1.00
2016.09.23 04:04:02.345,1.04939,1.04952,1.00,1.00
2016.09.23 04:04:02.396,1.04939,1.04953,1.00,1.12
2016.09.23 04:04:02.447,1.04938,1.04953,1.00,1.00
2016.09.23 04:04:02.498,1.04938,1.04955,1.00,1.00
2016.09.23 04:04:02.549,1.04938,1.04955,1.00,1.50
2016.09.23 04:04:02.600,1.04938,1.04954,1.00,1.12
2016.09.23 04:04:02.651,1.04937,1.04954,1.00,1.00
2016.09.23 04:04:02.827,1.04938,1.04954,1.00,1.00
2016.09.23 04:04:02.879,1.04938,1.04954,1.00,1.00
2016.09.23 04:04:03.132,1.04938,1.04956,1.00,1.50
2016.09.23 04:04:03.336,1.04938,1.04955,1.00,1.12
2016.09.23 04:04:04.457,1.04938,1.04955,1.00,1.12
2016.09.23 04:04:04.508,1.04938,1.04953,1.00,1.00
2016.09.23 04:04:04.610,1.04938,1.04954,1.00,1.00
2016.09.23 04:04:05.191,1.04937,1.04954,1.00,1.00
2016.09.23 04:04:06.113,1.04937,1.04955,1.00,1.12
2016.09.23 04:04:06.316,1.04937,1.04953,1.00,1.00
2016.09.23 04:04:06.417,1.04937,1.04955,1.00,1.12
2016.09.23 04:04:06.569,1.04937,1.04955,1.00,1.12
2016.09.23 04:04:06.620,1.04937,1.04953,1.00,1.00
2016.09.23 04:04:07.044,1.04937,1.04954,1.00,1.00
2016.09.23 04:04:07.277,1.04937,1.04953,1.00,1.00
2016.09.23 04:04:13.220,1.04938,1.04956,1.00,1.50
2016.09.23 04:04:13.271,1.04938,1.04956,1.00,1.50
2016.09.23 04:04:13.322,1.04938,1.04957,1.00,1.12
2016.09.23 04:04:13.373,1.0494,1.04957,1.00,1.00
2016.09.23 04:04:13.474,1.0494,1.04958,1.00,1.00
2016.09.23 04:04:13.525,1.04938,1.04958,1.00,1.00
2016.09.23 04:04:13.635,1.04938,1.04956,1.00,1.00
2016.09.23 04:04:13.686,1.0494,1.04956,1.00,1.00
2016.09.23 04:04:13.940,1.0494,1.04958,1.00,1.00
2016.09.23 04:04:14.142,1.0494,1.04959,1.00,1.00
2016.09.23 04:04:14.649,1.0494,1.04959,1.00,1.00
2016.09.23 04:04:14.734,1.0494,1.04959,1.00,1.00
2016.09.23 04:04:14.840,1.0494,1.0496,1.00,2.25
2016.09.23 04:04:15.011,1.04941,1.0496,1.00,1.50
2016.09.23 04:04:15.911,1.04941,1.04959,1.00,1.00
2016.09.23 04:04:16.929,1.04941,1.04959,1.00,1.00
2016.09.23 04:04:21.593,1.0494,1.04959,1.00,1.00
2016.09.23 04:04:21.800,1.0494,1.04958,1.00,1.75
2016.09.23 04:04:21.851,1.0494,1.04956,1.00,1.12
2016.09.23 04:04:22.003,1.04939,1.04956,1.00,1.00
2016.09.23 04:04:22.160,1.0494,1.04958,1.00,1.00
2016.09.23 04:04:22.312,1.04939,1.04958,1.00,1.12
2016.09.23 04:04:22.414,1.04941,1.04958,1.00,1.12
2016.09.23 04:04:22.618,1.04941,1.04957,1.00,1.00
2016.09.23 04:04:22.720,1.04941,1.04958,1.00,1.12
2016.09.23 04:04:22.973,1.04941,1.04958,1.00,1.12
2016.09.23 04:04:24.267,1.04941,1.04958,1.00,1.12
2016.09.23 04:04:25.046,1.04939,1.04958,1.00,1.12
2016.09.23 04:04:25.183,1.0494,1.04958,1.00,1.12
2016.09.23 04:04:27.464,1.0494,1.04959,1.00,1.50
2016.09.23 04:04:27.568,1.0494,1.04959,1.00,1.50
2016.09.23 04:04:27.670,1.0494,1.0496,1.00,1.75
2016.09.23 04:04:27.721,1.0494,1.04959,1.00,1.50
2016.09.23 04:04:27.822,1.0494,1.0496,1.00,1.50
2016.09.23 04:04:28.033,1.0494,1.04959,1.00,1.12
2016.09.23 04:04:30.072,1.04939,1.04959,1.00,1.12
2016.09.23 04:04:30.123,1.04939,1.04957,1.00,1.00
2016.09.23 04:04:30.225,1.04939,1.04959,1.00,1.12
2016.09.23 04:04:30.326,1.04939,1.04958,1.00,1.00
2016.09.23 04:04:30.717,1.04939,1.04958,1.00,1.00
2016.09.23 04:04:31.754,1.0494,1.0496,1.00,1.00
2016.09.23 04:04:31.805,1.0494,1.0496,1.00,1.00
2016.09.23 04:04:31.856,1.0494,1.04961,1.00,1.12
2016.09.23 04:04:31.906,1.04941,1.04961,1.00,1.12
2016.09.23 04:04:32.008,1.04941,1.04961,1.00,1.12
2016.09.23 04:04:32.733,1.04942,1.04961,1.00,1.12
2016.09.23 04:04:32.886,1.04943,1.04961,1.00,1.12
2016.09.23 04:04:33.088,1.04941,1.04961,1.00,1.00
2016.09.23 04:04:33.190,1.04941,1.04961,1.00,1.12
2016.09.23 04:04:33.392,1.04941,1.04961,1.00,1.12
2016.09.23 04:04:33.467,1.04941,1.04961,1.00,1.50
2016.09.23 04:04:33.829,1.04942,1.04961,1.00,1.50
2016.09.23 04:04:33.880,1.04942,1.04961,1.00,1.50
2016.09.23 04:04:34.033,1.04945,1.04961,1.00,1.50
2016.09.23 04:04:34.084,1.04945,1.04961,1.00,1.50
2016.09.23 04:04:34.135,1.04944,1.04962,1.00,1.75
2016.09.23 04:04:34.185,1.04944,1.04962,1.00,1.75
2016.09.23 04:04:34.236,1.04945,1.04963,1.00,1.87
2016.09.23 04:04:34.287,1.04945,1.04963,1.00,1.87
2016.09.23 04:04:34.338,1.04946,1.04963,1.00,1.12
2016.09.23 04:04:34.440,1.04946,1.04964,1.00,1.75
2016.09.23 04:04:35.388,1.04946,1.04964,1.00,1.75
2016.09.23 04:04:39.398,1.04948,1.04964,1.00,1.50
2016.09.23 04:04:39.499,1.04946,1.04964,1.00,1.50
2016.09.23 04:04:39.651,1.04946,1.04963,1.00,1.12
2016.09.23 04:04:39.848,1.04946,1.04964,1.00,1.50
2016.09.23 04:04:39.899,1.04947,1.04964,1.00,1.75
2016.09.23 04:04:40.004,1.04945,1.04965,1.00,1.75
2016.09.23 04:04:40.055,1.04946,1.04964,1.00,1.87
2016.09.23 04:04:40.133,1.04947,1.04964,1.00,1.50
2016.09.23 04:04:40.184,1.04947,1.04965,1.00,1.75
2016.09.23 04:04:40.286,1.04948,1.04965,1.00,1.75
2016.09.23 04:04:40.591,1.04948,1.04965,1.00,1.75
2016.09.23 04:04:41.281,1.04947,1.04965,1.00,1.75
2016.09.23 04:04:44.020,1.04946,1.04965,1.00,1.75
2016.09.23 04:04:44.071,1.04946,1.04963,1.00,1.12
2016.09.23 04:04:44.122,1.04944,1.04963,1.00,1.75
2016.09.23 04:04:44.216,1.04945,1.04963,1.00,1.75
2016.09.23 04:04:44.267,1.04942,1.04962,1.00,1.12
2016.09.23 04:04:44.319,1.04942,1.04962,1.00,2.62
2016.09.23 04:04:44.371,1.04942,1.04961,1.00,1.12
2016.09.23 04:04:44.423,1.0494,1.04961,1.00,1.50
2016.09.23 04:04:44.525,1.04941,1.04961,1.00,1.00
2016.09.23 04:04:44.577,1.04941,1.04961,1.00,1.50
2016.09.23 04:04:44.628,1.04941,1.04961,1.00,1.50
2016.09.23 04:04:44.678,1.04941,1.04959,1.00,1.00
2016.09.23 04:04:44.883,1.04941,1.04961,1.00,1.87
2016.09.23 04:04:45.077,1.04941,1.04961,1.00,1.12
2016.09.23 04:04:46.123,1.04941,1.04961,1.00,1.12
2016.09.23 04:04:46.942,1.04942,1.04961,1.00,1.12
2016.09.23 04:04:46.993,1.0495,1.04961,1.00,1.00
2016.09.23 04:04:47.044,1.0495,1.04965,1.00,1.75
2016.09.23 04:04:47.095,1.04952,1.04968,1.00,1.75
2016.09.23 04:04:47.146,1.04948,1.04968,1.00,1.75
2016.09.23 04:04:47.197,1.04948,1.04973,1.87,1.00
2016.09.23 04:04:47.248,1.0495,1.04974,1.00,1.00
2016.09.23 04:04:47.299,1.04951,1.04974,1.50,1.00
2016.09.23 04:04:47.349,1.04953,1.04977,1.37,1.12
2016.09.23 04:04:47.400,1.04952,1.04977,1.37,1.00
2016.09.23 04:04:47.451,1.04952,1.04976,1.37,1.00
2016.09.23 04:04:47.502,1.04951,1.04976,1.50,1.00
2016.09.23 04:04:47.553,1.04953,1.04975,1.37,1.00
2016.09.23 04:04:47.780,1.04954,1.04976,1.12,1.00
2016.09.23 04:04:47.831,1.04954,1.04976,1.00,1.00
2016.09.23 04:04:47.983,1.04953,1.04976,1.12,1.00
2016.09.23 04:04:48.034,1.04952,1.04976,1.50,1.00
2016.09.23 04:04:48.084,1.04952,1.04974,1.50,1.00
2016.09.23 04:04:48.186,1.04952,1.04976,1.50,1.00
2016.09.23 04:04:48.488,1.04952,1.04976,1.50,1.00
2016.09.23 04:04:48.539,1.04952,1.04976,1.12,1.00
2016.09.23 04:04:49.069,1.04951,1.04974,1.87,1.00
2016.09.23 04:04:49.222,1.04952,1.04974,1.12,1.00
2016.09.23 04:04:49.951,1.04956,1.04977,1.00,1.00
2016.09.23 04:04:50.002,1.04957,1.04977,1.00,1.00
2016.09.23 04:04:50.052,1.04953,1.04978,1.87,1.00
2016.09.23 04:04:50.145,1.04954,1.04978,1.00,1.00
2016.09.23 04:04:50.196,1.04954,1.04978,1.00,1.00
2016.09.23 04:04:50.318,1.04953,1.04978,1.12,1.00
2016.09.23 04:04:50.421,1.04953,1.04977,1.00,1.00
2016.09.23 04:04:50.726,1.04953,1.04977,1.12,1.00
2016.09.23 04:04:50.777,1.04953,1.04977,1.12,1.00
2016.09.23 04:04:50.878,1.04953,1.04976,1.12,1.00
2016.09.23 04:04:50.980,1.04953,1.04977,1.12,1.00
2016.09.23 04:04:51.584,1.04951,1.04977,2.25,1.00
2016.09.23 04:04:51.705,1.04952,1.04977,1.50,1.00
2016.09.23 04:04:51.908,1.04952,1.04977,1.00,1.00
2016.09.23 04:04:51.959,1.04951,1.04977,2.25,1.00
2016.09.23 04:04:52.010,1.04952,1.04977,1.50,1.00
2016.09.23 04:04:52.146,1.04952,1.04977,2.25,1.00
2016.09.23 04:04:52.298,1.04952,1.04977,1.50,1.00
2016.09.23 04:04:52.509,1.04952,1.04977,1.87,1.00
2016.09.23 04:04:52.630,1.04952,1.04977,1.87,1.00
2016.09.23 04:04:52.681,1.04952,1.04976,1.87,1.00
2016.09.23 04:04:53.349,1.04953,1.04976,1.12,1.00
2016.09.23 04:04:53.400,1.04952,1.04977,1.87,1.00
2016.09.23 04:04:53.502,1.04953,1.04977,1.12,1.00
2016.09.23 04:04:53.552,1.04953,1.04979,1.12,1.00
2016.09.23 04:04:53.765,1.04953,1.04978,1.12,1.00
2016.09.23 04:04:55.018,1.04953,1.04978,1.50,1.00
2016.09.23 04:04:55.333,1.04953,1.04978,1.50,1.50
2016.09.23 04:04:56.301,1.04953,1.04978,1.12,1.50
2016.09.23 04:04:56.352,1.04952,1.04978,1.50,1.50
2016.09.23 04:04:56.474,1.04952,1.04975,1.00,1.00
2016.09.23 04:04:56.728,1.04951,1.04975,2.62,1.00
2016.09.23 04:04:56.778,1.04951,1.04974,1.12,1.00
2016.09.23 04:04:56.829,1.0495,1.04974,1.37,1.00
2016.09.23 04:04:56.931,1.0495,1.04974,1.50,1.00
2016.09.23 04:04:57.033,1.0495,1.04975,1.12,1.00
2016.09.23 04:04:57.084,1.0495,1.04975,1.00,1.00
2016.09.23 04:04:57.135,1.04949,1.04975,1.00,1.00
2016.09.23 04:04:57.186,1.04948,1.04974,1.50,1.00
2016.09.23 04:04:57.237,1.04948,1.04974,1.00,1.00
2016.09.23 04:04:57.339,1.04946,1.04974,2.62,1.00
2016.09.23 04:04:57.440,1.04946,1.04974,2.62,1.50
2016.09.23 04:04:57.541,1.04946,1.04974,1.87,1.50
2016.09.23 04:04:57.592,1.04946,1.04973,1.87,1.12
2016.09.23 04:04:57.724,1.04948,1.04973,1.00,1.12
2016.09.23 04:04:57.776,1.04948,1.04973,1.00,1.00
2016.09.23 04:04:58.031,1.04947,1.04973,1.75,1.00
2016.09.23 04:04:58.132,1.04947,1.04972,2.25,1.00
2016.09.23 04:04:58.183,1.04947,1.04974,2.25,1.00
2016.09.23 04:04:58.234,1.04947,1.04974,1.50,1.00
2016.09.23 04:04:58.285,1.04948,1.04975,1.12,1.12
2016.09.23 04:04:58.386,1.04949,1.04973,1.00,1.00
2016.09.23 04:04:58.437,1.04949,1.04973,1.12,1.00
2016.09.23 04:04:58.488,1.04948,1.04975,1.50,1.00
2016.09.23 04:04:58.592,1.04948,1.04976,1.50,1.05
2016.09.23 04:04:58.796,1.04948,1.04974,1.50,1.00
2016.09.23 04:04:58.898,1.04948,1.04976,1.50,1.05
2016.09.23 04:04:59.958,1.04948,1.04975,1.50,1.00
2016.09.23 04:05:00.590,1.04947,1.04975,3.00,1.00
2016.09.23 04:05:00.641,1.04947,1.04975,2.25,1.00
2016.09.23 04:05:00.751,1.04947,1.04975,3.00,1.00
2016.09.23 04:05:00.853,1.04947,1.04975,2.25,1.00
2016.09.23 04:05:01.240,1.04947,1.04975,3.00,1.00
2016.09.23 04:05:02.553,1.04949,1.04975,1.37,1.00
2016.09.23 04:05:02.724,1.04949,1.04975,1.37,1.00
2016.09.23 04:05:02.775,1.04949,1.04976,1.37,1.05
2016.09.23 04:05:02.826,1.04949,1.04976,1.87,1.05
2016.09.23 04:05:02.894,1.04949,1.04976,1.37,1.05
2016.09.23 04:05:03.594,1.04949,1.04976,1.37,1.12
2016.09.23 04:05:03.847,1.04948,1.04976,3.00,1.12
2016.09.23 04:05:04.143,1.04949,1.04976,1.87,1.12
2016.09.23 04:05:04.298,1.04949,1.04976,1.37,1.12
2016.09.23 04:05:04.698,1.04949,1.04976,1.87,1.12
2016.09.23 04:05:04.850,1.04949,1.04976,1.37,1.12
2016.09.23 04:05:05.159,1.04949,1.04976,1.87,1.12
2016.09.23 04:05:05.723,1.04949,1.04976,1.87,1.12
2016.09.23 04:05:05.773,1.04949,1.04977,1.87,1.37
2016.09.23 04:05:05.824,1.04949,1.04977,1.37,1.37
2016.09.23 04:05:05.875,1.04948,1.04977,1.50,1.37
2016.09.23 04:05:06.018,1.04948,1.04976,1.50,1.12
2016.09.23 04:05:06.069,1.04948,1.04977,1.50,1.37
2016.09.23 04:05:06.120,1.04949,1.04977,1.37,1.37
2016.09.23 04:05:06.171,1.04949,1.04977,1.87,1.37
2016.09.23 04:05:06.222,1.04949,1.04977,1.87,1.00
2016.09.23 04:05:06.273,1.04949,1.04974,2.25,1.00
2016.09.23 04:05:06.324,1.04949,1.04974,3.37,1.00
2016.09.23 04:05:06.375,1.04949,1.04974,2.25,1.00
2016.09.23 04:05:06.425,1.04949,1.04974,1.50,1.00
2016.09.23 04:05:06.578,1.04949,1.04975,1.00,1.00
2016.09.23 04:05:06.731,1.04949,1.04975,2.25,1.00
2016.09.23 04:05:06.832,1.04949,1.04974,1.12,1.00
2016.09.23 04:05:06.941,1.04949,1.04974,1.12,1.00
2016.09.23 04:05:07.093,1.04948,1.04975,1.37,1.00
2016.09.23 04:05:07.195,1.04948,1.04973,1.37,1.00
2016.09.23 04:05:07.297,1.04949,1.04973,1.00,1.00
2016.09.23 04:05:07.808,1.04949,1.04974,1.00,1.00
2016.09.23 04:05:08.368,1.04948,1.04974,1.50,1.00
2016.09.23 04:05:08.470,1.04946,1.04973,1.75,1.00
2016.09.23 04:05:08.571,1.04945,1.04973,5.25,1.00
2016.09.23 04:05:08.622,1.04945,1.0497,4.87,1.00
2016.09.23 04:05:08.673,1.04947,1.0497,1.37,1.00
2016.09.23 04:05:09.178,1.04947,1.04971,1.37,1.00
2016.09.23 04:05:09.721,1.04946,1.04973,1.12,1.00
2016.09.23 04:05:09.949,1.0495,1.04973,1.00,1.00
2016.09.23 04:05:10.000,1.04949,1.04973,1.12,1.50
2016.09.23 04:05:10.101,1.04949,1.04972,1.12,1.00
2016.09.23 04:05:11.226,1.0495,1.04971,1.00,1.00
2016.09.23 04:05:11.458,1.04949,1.04972,1.12,1.00
2016.09.23 04:05:11.679,1.04951,1.04972,1.00,1.50
2016.09.23 04:05:11.730,1.04951,1.04973,1.00,1.00
2016.09.23 04:05:11.882,1.04951,1.04973,1.00,1.00
2016.09.23 04:05:12.719,1.04951,1.04972,1.00,1.00
2016.09.23 04:05:13.989,1.0495,1.04973,1.00,1.00
2016.09.23 04:05:14.091,1.04951,1.04973,1.00,1.00
2016.09.23 04:05:14.946,1.04951,1.04973,1.00,1.50
2016.09.23 04:05:15.047,1.04951,1.04973,1.00,1.82
2016.09.23 04:05:15.591,1.0495,1.04973,1.00,1.82
2016.09.23 04:05:17.352,1.04951,1.04973,1.00,1.82
2016.09.23 04:05:17.861,1.0495,1.04972,1.00,1.00
2016.09.23 04:05:17.911,1.0495,1.04972,1.00,1.50
2016.09.23 04:05:18.047,1.04949,1.04972,1.12,1.00
2016.09.23 04:05:18.098,1.04949,1.04971,1.12,1.00
2016.09.23 04:05:18.149,1.0495,1.04971,1.00,1.00
2016.09.23 04:05:18.251,1.04949,1.04971,1.12,1.00
2016.09.23 04:05:18.405,1.0495,1.04971,1.00,1.00
2016.09.23 04:05:21.931,1.04956,1.04973,1.00,1.00
2016.09.23 04:05:21.982,1.04956,1.04973,1.00,1.00
2016.09.23 04:05:22.033,1.04956,1.04976,1.00,1.50
2016.09.23 04:05:22.083,1.04956,1.04976,1.00,1.50
2016.09.23 04:05:22.134,1.04956,1.04976,1.00,1.00
2016.09.23 04:05:22.185,1.04956,1.04976,1.00,1.00
2016.09.23 04:05:22.360,1.04956,1.04976,1.00,1.00
2016.09.23 04:05:23.029,1.04955,1.04976,1.00,1.32
2016.09.23 04:05:23.080,1.04955,1.04976,1.00,1.32
2016.09.23 04:05:23.130,1.04954,1.04977,1.00,1.00
2016.09.23 04:05:23.181,1.04953,1.04977,1.50,1.00
2016.09.23 04:05:23.573,1.04953,1.04977,1.50,1.00
2016.09.23 04:05:24.173,1.04953,1.04977,2.62,1.00
2016.09.23 04:05:24.275,1.04953,1.04977,1.50,1.00
2016.09.23 04:05:25.134,1.04954,1.04977,1.00,1.00
2016.09.23 04:05:25.212,1.04954,1.04977,1.00,1.00
2016.09.23 04:05:25.777,1.04954,1.04977,1.50,1.00
2016.09.23 04:05:26.935,1.04954,1.04977,1.00,1.00
2016.09.23 04:05:26.986,1.04953,1.04977,2.62,1.00
2016.09.23 04:05:27.087,1.04954,1.04977,1.00,1.00
2016.09.23 04:05:27.274,1.04953,1.04977,1.87,1.00
2016.09.23 04:05:28.915,1.04955,1.04977,1.50,1.00
2016.09.23 04:05:29.016,1.04956,1.04977,1.00,1.00
2016.09.23 04:05:29.067,1.04956,1.04977,1.12,1.00
2016.09.23 04:05:29.118,1.04955,1.04979,2.62,1.00
2016.09.23 04:05:29.220,1.04956,1.04979,1.12,1.00
2016.09.23 04:05:29.321,1.04956,1.04979,1.12,1.00
2016.09.23 04:05:32.190,1.04956,1.04979,1.87,1.00
2016.09.23 04:05:33.077,1.04956,1.04979,1.12,1.00
2016.09.23 04:05:33.788,1.04956,1.0498,1.12,1.00
2016.09.23 04:05:33.839,1.04956,1.0498,1.87,1.00
2016.09.23 04:05:33.890,1.04958,1.04979,1.00,1.00
2016.09.23 04:05:33.941,1.04957,1.04981,1.50,1.00
2016.09.23 04:05:33.992,1.04958,1.04981,1.00,1.00
2016.09.23 04:05:34.092,1.04958,1.04981,1.37,1.00
2016.09.23 04:05:34.143,1.04959,1.04983,1.12,1.00
2016.09.23 04:05:34.245,1.04959,1.04983,1.87,1.00
2016.09.23 04:05:34.580,1.04959,1.04983,1.87,1.00
2016.09.23 04:05:35.667,1.04961,1.04982,1.00,1.00
2016.09.23 04:05:35.819,1.04959,1.04983,2.25,1.07
2016.09.23 04:05:35.872,1.04959,1.04983,3.00,1.07
2016.09.23 04:05:35.922,1.04959,1.04983,2.62,1.07
2016.09.23 04:05:36.076,1.04959,1.04983,2.62,1.00
2016.09.23 04:05:36.177,1.04959,1.04983,2.25,1.00
2016.09.23 04:05:36.229,1.0496,1.04983,1.00,1.32
2016.09.23 04:05:36.334,1.0496,1.04983,1.00,1.75
2016.09.23 04:05:36.447,1.04959,1.04981,2.25,1.37
2016.09.23 04:05:36.498,1.04959,1.04981,2.25,1.37
2016.09.23 04:05:36.599,1.04959,1.04981,2.25,1.37
2016.09.23 04:05:36.650,1.04959,1.0498,2.25,1.12
2016.09.23 04:05:36.701,1.04959,1.0498,2.25,1.12
2016.09.23 04:05:36.751,1.04959,1.0498,1.87,1.12
2016.09.23 04:05:36.802,1.04959,1.0498,1.50,1.12
2016.09.23 04:05:36.904,1.04959,1.0498,1.00,1.12
2016.09.23 04:05:37.840,1.0496,1.0498,1.00,1.12
2016.09.23 04:05:37.891,1.0496,1.0498,1.00,1.12
2016.09.23 04:05:38.094,1.04961,1.0498,1.00,1.12
2016.09.23 04:05:38.262,1.04959,1.04979,1.00,1.00
2016.09.23 04:05:38.313,1.04959,1.04979,1.00,1.00
2016.09.23 04:05:40.015,1.04959,1.04981,1.00,1.37
2016.09.23 04:05:40.098,1.04959,1.0498,1.00,1.12
2016.09.23 04:05:40.149,1.0496,1.0498,1.00,1.00
2016.09.23 04:05:40.811,1.0496,1.0498,1.00,1.00
2016.09.23 04:05:41.020,1.0496,1.0498,1.00,1.00
2016.09.23 04:05:41.633,1.0496,1.04979,1.00,1.00
2016.09.23 04:05:42.075,1.04959,1.04979,1.00,1.00
2016.09.23 04:05:42.994,1.04959,1.04979,1.00,1.00
2016.09.23 04:05:43.044,1.04957,1.04978,1.50,1.12
2016.09.23 04:05:43.095,1.04957,1.04977,1.50,1.00
2016.09.23 04:05:43.146,1.04955,1.04976,1.50,1.00
2016.09.23 04:05:43.197,1.04955,1.04974,1.00,1.00
2016.09.23 04:05:43.299,1.04955,1.04973,1.00,1.00
2016.09.23 04:05:43.350,1.04954,1.04973,1.00,1.00
2016.09.23 04:05:43.566,1.04955,1.04974,1.00,1.00
2016.09.23 04:05:43.782,1.04955,1.04974,1.00,1.37
2016.09.23 04:05:44.238,1.04955,1.04974,1.00,1.00
2016.09.23 04:05:48.388,1.04954,1.04974,1.00,1.00
2016.09.23 04:05:52.552,1.04955,1.04974,1.00,1.00
2016.09.23 04:05:52.856,1.04955,1.04975,1.00,1.00
2016.09.23 04:05:53.277,1.04957,1.04975,1.00,1.00
2016.09.23 04:05:53.778,1.04957,1.04974,1.00,1.00
2016.09.23 04:05:56.956,1.04957,1.04976,1.00,1.00
2016.09.23 04:06:00.966,1.04957,1.04976,1.00,1.00
2016.09.23 04:06:01.171,1.04957,1.04976,1.00,1.00
2016.09.23 04:06:02.769,1.04956,1.04976,1.00,1.00
2016.09.23 04:06:03.285,1.04958,1.04976,1.00,1.00
2016.09.23 04:06:03.558,1.04956,1.04976,1.00,1.00
2016.09.23 04:06:04.635,1.04956,1.04978,1.50,1.00
2016.09.23 04:06:04.685,1.04957,1.04979,1.00,1.00
2016.09.23 04:06:04.736,1.04957,1.0498,1.00,1.00
2016.09.23 04:06:04.838,1.04958,1.0498,1.00,1.00
2016.09.23 04:06:04.904,1.04962,1.04979,1.00,1.00
2016.09.23 04:06:05.672,1.04961,1.0498,1.00,1.00
2016.09.23 04:06:05.948,1.04961,1.0498,1.00,1.37
2016.09.23 04:06:06.268,1.04961,1.0498,1.00,1.00
2016.09.23 04:06:09.086,1.0496,1.0498,1.00,1.00
2016.09.23 04:06:09.139,1.0496,1.04978,1.00,1.00
2016.09.23 04:06:09.190,1.04957,1.04978,1.00,1.00
2016.09.23 04:06:09.241,1.04957,1.04978,1.00,1.00
2016.09.23 04:06:09.752,1.04958,1.04978,1.00,1.00
2016.09.23 04:06:15.286,1.04958,1.04976,1.00,1.00
2016.09.23 04:06:15.388,1.04953,1.04975,2.62,1.00
2016.09.23 04:06:15.439,1.04953,1.04975,1.87,1.00
2016.09.23 04:06:15.540,1.04953,1.04975,1.50,1.00
2016.09.23 04:06:15.591,1.04955,1.04975,1.00,1.00
2016.09.23 04:06:15.693,1.04955,1.04976,1.00,1.00
2016.09.23 04:06:15.743,1.04955,1.04976,1.00,1.00
2016.09.23 04:06:15.794,1.04956,1.04976,1.00,1.00
2016.09.23 04:06:16.344,1.04955,1.04976,1.00,1.00
2016.09.23 04:06:18.477,1.04955,1.04978,1.00,1.00
2016.09.23 04:06:18.528,1.04958,1.04978,1.00,1.00
2016.09.23 04:06:18.579,1.04957,1.04978,1.00,1.75
2016.09.23 04:06:18.630,1.04957,1.04976,1.00,1.37
2016.09.23 04:06:18.681,1.04957,1.04976,1.00,1.00
2016.09.23 04:06:18.783,1.04955,1.04976,1.00,1.00
2016.09.23 04:06:18.834,1.04955,1.04976,1.50,1.00
2016.09.23 04:06:18.986,1.04957,1.04977,1.00,1.00
2016.09.23 04:06:24.310,1.04958,1.04977,1.00,1.00
2016.09.23 04:06:24.913,1.04957,1.04977,1.00,1.00
2016.09.23 04:06:25.065,1.04957,1.04977,1.00,1.00
2016.09.23 04:06:31.755,1.04957,1.04976,1.00,1.00
2016.09.23 04:06:34.845,1.04956,1.04976,1.00,1.00
2016.09.23 04:06:36.899,1.04957,1.04976,1.00,1.00
2016.09.23 04:06:37.431,1.04959,1.04976,1.00,1.00
2016.09.23 04:06:37.634,1.04957,1.04977,1.00,1.00
2016.09.23 04:06:37.685,1.04957,1.04977,1.00,1.00
2016.09.23 04:06:37.787,1.04956,1.04977,1.12,1.00
2016.09.23 04:06:37.890,1.04956,1.04978,1.12,1.00
2016.09.23 04:06:37.941,1.04959,1.04978,1.00,1.00
2016.09.23 04:06:44.809,1.04958,1.04978,1.00,1.00
2016.09.23 04:06:45.459,1.04956,1.04978,1.00,1.00
2016.09.23 04:06:45.964,1.04956,1.04977,1.00,1.00
2016.09.23 04:06:46.015,1.04957,1.04977,1.00,1.00
2016.09.23 04:06:47.413,1.04955,1.04977,1.00,1.00
2016.09.23 04:06:47.515,1.04956,1.04977,1.00,1.00
2016.09.23 04:06:47.914,1.04957,1.04977,1.00,1.00
2016.09.23 04:06:52.844,1.04955,1.04976,1.00,1.00
2016.09.23 04:06:52.945,1.04955,1.04977,1.50,1.00
2016.09.23 04:06:53.047,1.04958,1.04977,1.00,1.00
2016.09.23 04:06:53.199,1.04957,1.04977,1.00,1.00
2016.09.23 04:06:53.249,1.04959,1.04977,1.00,1.00
2016.09.23 04:06:53.669,1.04957,1.04977,1.00,1.00
2016.09.23 04:06:53.720,1.04957,1.04977,1.00,1.00
2016.09.23 04:06:53.923,1.04957,1.04977,1.00,1.00
2016.09.23 04:06:54.125,1.04957,1.04977,1.00,1.00
2016.09.23 04:06:56.227,1.04957,1.04977,1.00,1.00
2016.09.23 04:07:02.019,1.04957,1.04977,1.00,1.00
2016.09.23 04:07:02.070,1.04956,1.04976,1.00,1.00
2016.09.23 04:07:05.165,1.04958,1.04976,1.00,1.00
2016.09.23 04:07:05.342,1.04955,1.04976,1.00,1.00
2016.09.23 04:07:05.568,1.04957,1.04976,1.00,1.00
2016.09.23 04:07:08.913,1.04957,1.04975,1.00,1.00
2016.09.23 04:07:09.065,1.04955,1.04976,1.00,1.00
2016.09.23 04:07:09.270,1.04957,1.04977,1.00,1.00
2016.09.23 04:07:22.113,1.04955,1.04977,1.50,1.00
2016.09.23 04:07:22.164,1.04956,1.04975,1.00,1.00
2016.09.23 04:07:22.265,1.04953,1.04971,1.00,1.00
2016.09.23 04:07:22.367,1.04953,1.04972,1.00,1.00
2016.09.23 04:07:22.570,1.04951,1.04972,1.00,1.00
2016.09.23 04:07:22.672,1.04951,1.04972,1.00,1.00
2016.09.23 04:07:22.907,1.04951,1.04972,1.00,1.00
2016.09.23 04:07:23.261,1.04952,1.04972,1.00,1.00
2016.09.23 04:07:24.308,1.04953,1.04972,1.00,1.00
2016.09.23 04:07:26.192,1.04953,1.04972,1.00,1.12
2016.09.23 04:07:27.780,1.04952,1.04972,1.00,1.12
2016.09.23 04:07:27.831,1.04952,1.04971,1.00,1.00
2016.09.23 04:07:28.292,1.04951,1.04969,1.00,1.00
2016.09.23 04:07:28.797,1.0495,1.04968,1.00,1.00
2016.09.23 04:07:29.306,1.04951,1.04969,1.00,1.00
2016.09.23 04:07:29.516,1.04948,1.04969,1.00,1.00
2016.09.23 04:07:29.822,1.04948,1.04962,1.00,1.00
2016.09.23 04:07:29.906,1.04944,1.04961,1.12,1.00
2016.09.23 04:07:29.957,1.04944,1.04961,1.00,1.00
2016.09.23 04:07:30.110,1.04941,1.04959,1.00,1.37
2016.09.23 04:07:30.303,1.04942,1.04958,1.00,1.12
2016.09.23 04:07:30.406,1.04942,1.04958,1.00,1.00
2016.09.23 04:07:30.518,1.0494,1.04958,1.00,1.00
2016.09.23 04:07:30.569,1.0494,1.0496,1.00,1.12
2016.09.23 04:07:30.671,1.04941,1.0496,1.00,1.12
2016.09.23 04:07:30.772,1.04942,1.0496,1.00,1.00
2016.09.23 04:07:31.211,1.04943,1.04962,1.00,1.12
2016.09.23 04:07:31.313,1.04943,1.04961,1.00,1.00
2016.09.23 04:07:31.830,1.04942,1.04961,1.00,1.00
2016.09.23 04:07:33.768,1.04942,1.04959,1.00,1.00
2016.09.23 04:07:33.819,1.0494,1.04958,1.00,1.12
2016.09.23 04:07:33.920,1.04939,1.04957,1.00,1.00
2016.09.23 04:07:34.225,1.04939,1.04957,1.00,1.12
2016.09.23 04:07:34.276,1.04939,1.04958,1.00,1.37
2016.09.23 04:07:34.811,1.0494,1.04958,1.00,1.00
2016.09.23 04:07:35.087,1.0494,1.04959,1.00,1.12
2016.09.23 04:07:35.245,1.0494,1.04959,1.00,1.37
2016.09.23 04:07:36.048,1.0494,1.04958,1.00,1.50
2016.09.23 04:07:37.128,1.04939,1.04957,1.00,1.00
2016.09.23 04:07:37.641,1.04938,1.04957,1.00,1.00
2016.09.23 04:07:40.086,1.04938,1.04957,1.00,1.00
2016.09.23 04:07:40.137,1.0494,1.04958,1.00,1.00
2016.09.23 04:07:40.504,1.04941,1.04958,1.00,1.12
2016.09.23 04:07:40.554,1.04941,1.04959,1.00,1.50
2016.09.23 04:07:40.605,1.04939,1.04959,1.00,1.50
2016.09.23 04:07:42.493,1.04941,1.04959,1.00,1.50
2016.09.23 04:07:43.012,1.0494,1.04959,1.00,1.50
2016.09.23 04:07:44.711,1.0494,1.04959,1.00,1.12
2016.09.23 04:07:44.813,1.04939,1.04959,1.00,1.37
2016.09.23 04:07:45.748,1.04939,1.04959,1.00,1.00
2016.09.23 04:07:46.262,1.0494,1.04959,1.00,1.00
2016.09.23 04:07:52.551,1.0494,1.0496,1.00,1.00
2016.09.23 04:07:52.652,1.04941,1.0496,1.00,1.00
2016.09.23 04:07:52.895,1.04942,1.04962,1.00,1.00
2016.09.23 04:07:53.565,1.04942,1.04962,1.00,1.37
2016.09.23 04:07:53.666,1.04942,1.0496,1.00,1.00
2016.09.23 04:07:54.206,1.04941,1.0496,1.00,1.00
2016.09.23 04:07:55.561,1.04941,1.04961,1.00,1.00
2016.09.23 04:07:55.663,1.0494,1.04961,1.00,1.00
2016.09.23 04:07:55.858,1.04941,1.0496,1.00,1.00
2016.09.23 04:07:57.016,1.04939,1.04958,1.00,1.00
2016.09.23 04:07:57.067,1.04939,1.04958,1.00,1.00
2016.09.23 04:07:57.118,1.04938,1.04959,1.00,1.00
2016.09.23 04:07:57.219,1.04939,1.04959,1.00,1.00
2016.09.23 04:07:57.372,1.04939,1.04958,1.00,1.00
2016.09.23 04:07:57.626,1.04939,1.04959,1.00,1.00
2016.09.23 04:07:57.728,1.04942,1.04959,1.00,1.00
2016.09.23 04:07:57.830,1.0494,1.0496,1.00,1.00
2016.09.23 04:08:00.814,1.0494,1.04959,1.00,1.00
2016.09.23 04:08:01.637,1.04941,1.0496,1.00,1.00
2016.09.23 04:08:03.396,1.04941,1.04958,1.00,1.00
2016.09.23 04:08:03.447,1.04939,1.0496,1.00,1.00
2016.09.23 04:08:03.549,1.0494,1.0496,1.00,1.00
2016.09.23 04:08:03.651,1.04938,1.04959,1.50,1.00
2016.09.23 04:08:03.789,1.04939,1.0496,1.37,1.00
2016.09.23 04:08:03.842,1.04943,1.0496,1.00,1.00
2016.09.23 04:08:03.944,1.0494,1.0496,1.00,1.00
2016.09.23 04:08:03.995,1.0494,1.0496,1.00,1.00
2016.09.23 04:08:04.299,1.0494,1.0496,1.00,1.00
2016.09.23 04:08:04.401,1.0494,1.04959,1.00,1.00
2016.09.23 04:08:04.798,1.04939,1.04959,1.00,1.00
2016.09.23 04:08:04.887,1.0494,1.04959,1.00,1.00
2016.09.23 04:08:05.444,1.04939,1.04959,1.00,1.00
2016.09.23 04:08:05.786,1.04942,1.04959,1.00,1.00
2016.09.23 04:08:06.641,1.0494,1.04959,1.00,1.00
2016.09.23 04:08:07.744,1.0494,1.04958,1.00,1.00
2016.09.23 04:08:10.932,1.0494,1.04959,1.00,1.00
2016.09.23 04:08:11.225,1.04942,1.04959,1.00,1.00
2016.09.23 04:08:11.276,1.0494,1.04959,1.00,1.00
2016.09.23 04:08:11.379,1.0494,1.04961,1.00,1.50
2016.09.23 04:08:11.532,1.0494,1.04959,1.00,1.00
2016.09.23 04:08:12.055,1.04939,1.04958,1.00,1.00
2016.09.23 04:08:16.536,1.0494,1.04958,1.00,1.00
2016.09.23 04:08:18.002,1.0494,1.04957,1.00,1.00
2016.09.23 04:08:18.053,1.04938,1.04957,1.00,1.00
2016.09.23 04:08:21.094,1.04939,1.04957,1.00,1.00
2016.09.23 04:08:26.433,1.04939,1.04958,1.00,1.00
2016.09.23 04:08:26.709,1.0494,1.0496,1.00,1.00
2016.09.23 04:08:27.028,1.0494,1.0496,1.00,1.00
2016.09.23 04:08:27.080,1.04941,1.0496,1.00,1.00
2016.09.23 04:08:27.616,1.0494,1.04959,1.00,1.00
2016.09.23 04:08:27.821,1.0494,1.0496,1.00,1.00
2016.09.23 04:08:27.872,1.0494,1.04959,1.00,1.00
2016.09.23 04:08:28.423,1.04939,1.04958,1.00,1.00
2016.09.23 04:08:30.194,1.04939,1.04959,1.00,1.00
2016.09.23 04:08:33.643,1.04939,1.0496,1.00,1.00
2016.09.23 04:08:33.695,1.04941,1.04961,1.00,1.12
2016.09.23 04:08:33.797,1.04941,1.04961,1.00,1.00
2016.09.23 04:08:34.345,1.04941,1.0496,1.00,1.00
2016.09.23 04:08:42.780,1.0494,1.0496,1.00,1.00
2016.09.23 04:08:46.335,1.04941,1.0496,1.00,1.00
2016.09.23 04:08:47.186,1.04942,1.0496,1.00,1.00
2016.09.23 04:08:47.491,1.0494,1.0496,1.00,1.00
2016.09.23 04:08:47.872,1.04941,1.04961,1.00,1.12
2016.09.23 04:08:48.423,1.04942,1.04961,1.00,1.12
2016.09.23 04:08:49.014,1.04942,1.0496,1.00,1.00
2016.09.23 04:08:49.190,1.0494,1.0496,1.00,1.00
2016.09.23 04:08:49.292,1.0494,1.0496,1.00,1.12
2016.09.23 04:08:49.393,1.04942,1.0496,1.00,1.12
2016.09.23 04:08:49.595,1.0494,1.04961,1.00,1.50
2016.09.23 04:08:49.646,1.0494,1.04961,1.00,1.00
2016.09.23 04:08:49.798,1.04942,1.04961,1.00,1.12
2016.09.23 04:08:49.891,1.04941,1.04963,1.00,1.50
2016.09.23 04:08:49.942,1.04941,1.04964,1.00,2.25
2016.09.23 04:08:50.054,1.04942,1.04964,1.00,1.12
2016.09.23 04:08:50.105,1.04945,1.04966,1.12,1.00
2016.09.23 04:08:50.156,1.04945,1.04966,1.87,1.00
2016.09.23 04:08:50.207,1.04946,1.04966,1.00,1.00
2016.09.23 04:08:50.258,1.04946,1.04968,1.00,1.00
2016.09.23 04:08:50.410,1.04947,1.04968,1.00,1.00
2016.09.23 04:08:50.461,1.04947,1.04968,1.00,1.00
2016.09.23 04:08:50.563,1.04947,1.04967,1.00,1.00
2016.09.23 04:08:51.282,1.04947,1.04967,1.00,1.00
2016.09.23 04:08:52.289,1.04947,1.04967,1.00,1.00
2016.09.23 04:08:53.440,1.04947,1.04968,1.00,1.00
2016.09.23 04:08:53.541,1.04949,1.04968,1.00,1.00
2016.09.23 04:09:02.181,1.04949,1.04969,1.00,1.12
2016.09.23 04:09:05.147,1.04948,1.04969,1.00,1.12
2016.09.23 04:09:05.198,1.04948,1.04969,1.00,1.12
2016.09.23 04:09:05.785,1.04948,1.04968,1.00,1.00
2016.09.23 04:09:05.887,1.04947,1.04968,1.00,1.00
2016.09.23 04:09:05.989,1.04947,1.04969,1.00,1.00
2016.09.23 04:09:06.040,1.0495,1.04969,1.00,1.00
2016.09.23 04:09:06.092,1.0495,1.0497,1.00,1.00
2016.09.23 04:09:06.245,1.04951,1.04971,1.00,1.00
2016.09.23 04:09:11.537,1.04949,1.0497,1.00,1.00
2016.09.23 04:09:11.689,1.04949,1.04969,1.00,1.00
2016.09.23 04:09:11.898,1.04947,1.04967,1.00,1.00
2016.09.23 04:09:12.051,1.04945,1.04967,1.00,1.00
2016.09.23 04:09:12.102,1.04945,1.04967,1.00,1.00
2016.09.23 04:09:12.153,1.04947,1.04967,1.00,1.00
2016.09.23 04:09:18.025,1.04947,1.04966,1.00,1.00
2016.09.23 04:09:18.555,1.04946,1.04965,1.00,1.00
2016.09.23 04:09:19.861,1.04946,1.04967,1.00,1.00
2016.09.23 04:09:19.912,1.04946,1.04964,1.00,1.00
2016.09.23 04:09:19.963,1.04944,1.04966,1.00,1.00
2016.09.23 04:09:20.014,1.04944,1.04966,1.87,1.00
2016.09.23 04:09:20.115,1.04944,1.04966,1.87,1.00
2016.09.23 04:09:20.166,1.04947,1.04966,1.00,1.00
2016.09.23 04:09:20.217,1.04947,1.04966,1.00,1.00
2016.09.23 04:09:20.268,1.04946,1.04966,1.00,1.00
2016.09.23 04:09:20.367,1.04945,1.04966,1.12,1.00
2016.09.23 04:09:20.566,1.04946,1.04966,1.00,1.00
2016.09.23 04:09:20.617,1.04946,1.04966,1.00,1.00
2016.09.23 04:09:20.718,1.04946,1.04966,1.00,1.00
2016.09.23 04:09:20.769,1.04946,1.04967,1.00,1.12
2016.09.23 04:09:23.355,1.04946,1.04965,1.00,1.00
2016.09.23 04:09:23.460,1.04945,1.04966,1.00,1.00
2016.09.23 04:09:23.612,1.04945,1.04966,1.00,1.00
2016.09.23 04:09:23.759,1.04947,1.04966,1.00,1.00
2016.09.23 04:09:25.446,1.04946,1.04966,1.00,1.00
2016.09.23 04:09:25.548,1.04946,1.04966,1.00,1.00
2016.09.23 04:09:26.022,1.04946,1.04966,1.00,1.00
2016.09.23 04:09:26.356,1.04945,1.04963,1.00,1.00
2016.09.23 04:09:26.559,1.04941,1.0496,1.00,1.00
2016.09.23 04:09:26.661,1.04941,1.04961,1.00,1.00
2016.09.23 04:09:30.791,1.04941,1.04962,1.00,1.00
2016.09.23 04:09:30.842,1.04941,1.04963,2.25,1.00
2016.09.23 04:09:30.893,1.04943,1.04965,1.12,1.50
2016.09.23 04:09:30.944,1.04944,1.04968,1.00,1.00
2016.09.23 04:09:30.995,1.04946,1.04969,1.00,1.12
2016.09.23 04:09:31.046,1.04946,1.04971,1.50,2.25
2016.09.23 04:09:31.096,1.04948,1.0497,1.50,1.00
2016.09.23 04:09:31.147,1.04948,1.04971,1.00,1.00
2016.09.23 04:09:31.198,1.04948,1.04971,1.50,1.00
2016.09.23 04:09:31.384,1.04952,1.04971,1.00,1.00
2016.09.23 04:09:32.554,1.04951,1.04971,1.00,1.00
2016.09.23 04:09:35.150,1.04951,1.0497,1.00,1.12
2016.09.23 04:09:35.404,1.04949,1.0497,1.00,1.12
2016.09.23 04:09:35.934,1.04949,1.0497,1.00,1.12
2016.09.23 04:09:35.984,1.04951,1.0497,1.00,1.12
2016.09.23 04:09:36.086,1.04951,1.0497,1.00,1.00
2016.09.23 04:09:38.202,1.04951,1.04972,1.00,1.00
2016.09.23 04:09:38.254,1.04951,1.04973,1.37,1.00
2016.09.23 04:09:38.304,1.04952,1.04973,1.12,1.00
2016.09.23 04:09:38.355,1.04952,1.04973,1.00,1.00
2016.09.23 04:09:39.014,1.04952,1.04973,1.00,1.00
2016.09.23 04:09:39.066,1.04952,1.04972,1.00,1.37
2016.09.23 04:09:39.168,1.04952,1.04972,1.00,1.00
2016.09.23 04:09:39.219,1.0495,1.04972,1.00,1.00
2016.09.23 04:09:39.270,1.0495,1.04972,1.00,1.00
2016.09.23 04:09:39.321,1.04951,1.04973,1.00,1.00
2016.09.23 04:09:39.475,1.04951,1.04973,1.00,1.00
2016.09.23 04:09:40.046,1.04951,1.04973,1.00,1.00
2016.09.23 04:09:40.564,1.04951,1.04973,1.00,1.00
2016.09.23 04:09:41.120,1.04952,1.04973,1.00,1.00
2016.09.23 04:09:41.980,1.04952,1.04971,1.00,1.00
2016.09.23 04:09:42.081,1.04952,1.04971,1.37,1.00
2016.09.23 04:09:42.216,1.04953,1.04974,1.00,1.00
2016.09.23 04:09:42.267,1.04953,1.04972,1.00,1.00
2016.09.23 04:09:42.318,1.04953,1.04974,1.00,1.00
2016.09.23 04:09:42.370,1.04953,1.04974,1.00,1.00
2016.09.23 04:09:42.421,1.04952,1.04973,1.00,1.00
2016.09.23 04:09:42.573,1.04952,1.04973,1.00,1.00
2016.09.23 04:09:42.882,1.04955,1.04974,1.00,1.00
2016.09.23 04:09:43.412,1.04954,1.04974,1.00,1.00
2016.09.23 04:09:43.919,1.04954,1.04973,1.00,1.00
2016.09.23 04:09:44.894,1.04954,1.04975,1.00,1.00
2016.09.23 04:09:45.428,1.04954,1.04973,1.00,1.00
2016.09.23 04:09:45.590,1.04953,1.04973,1.00,1.00
2016.09.23 04:09:45.798,1.04953,1.04974,1.00,1.00
2016.09.23 04:09:46.427,1.04954,1.04974,1.00,1.00
2016.09.23 04:09:48.282,1.04954,1.04974,1.00,1.00
2016.09.23 04:09:49.485,1.04954,1.04974,1.00,1.00
2016.09.23 04:09:49.789,1.04954,1.04974,1.00,1.00
2016.09.23 04:09:49.840,1.04954,1.04972,1.00,1.00
2016.09.23 04:09:49.996,1.0495,1.04971,1.00,1.00
2016.09.23 04:09:50.097,1.0495,1.04971,1.00,1.00
2016.09.23 04:09:50.300,1.0495,1.04972,1.00,1.00
2016.09.23 04:09:50.402,1.04948,1.04967,1.12,1.00
2016.09.23 04:09:50.452,1.04945,1.04964,2.62,1.00
2016.09.23 04:09:50.503,1.04945,1.04965,1.00,1.00
2016.09.23 04:09:50.842,1.04943,1.04963,1.00,1.00
2016.09.23 04:09:50.995,1.04944,1.04963,1.00,1.00
2016.09.23 04:09:51.300,1.04943,1.04963,1.00,1.00
2016.09.23 04:09:51.921,1.04943,1.04964,1.00,1.00
2016.09.23 04:09:52.022,1.04946,1.04965,1.00,1.00
2016.09.23 04:09:52.378,1.04947,1.04966,1.00,1.00
2016.09.23 04:09:52.430,1.04948,1.04966,1.00,1.00
2016.09.23 04:09:52.555,1.04948,1.04968,1.00,1.00
2016.09.23 04:09:52.608,1.04948,1.04968,1.00,1.00
2016.09.23 04:09:52.711,1.04947,1.04966,1.00,1.00
2016.09.23 04:09:52.762,1.04947,1.04964,1.00,1.00
2016.09.23 04:09:52.813,1.04945,1.04964,1.00,1.00
2016.09.23 04:09:53.423,1.04946,1.04964,1.00,1.00
2016.09.23 04:09:53.679,1.04946,1.04967,1.50,1.00
2016.09.23 04:09:53.730,1.04947,1.04967,1.12,1.00
2016.09.23 04:09:53.933,1.04948,1.04967,1.00,1.00
2016.09.23 04:09:54.034,1.04947,1.04967,1.12,1.00
2016.09.23 04:09:54.536,1.04946,1.04966,1.50,1.00
2016.09.23 04:09:54.587,1.04946,1.04966,1.00,1.00
2016.09.23 04:09:54.638,1.04944,1.04964,1.50,1.00
2016.09.23 04:09:54.689,1.04944,1.04964,1.00,1.00
2016.09.23 04:09:54.841,1.04945,1.04964,1.00,1.00
2016.09.23 04:09:55.392,1.04946,1.04965,1.00,1.00
2016.09.23 04:09:55.911,1.04946,1.04966,1.00,1.00
2016.09.23 04:09:55.962,1.04946,1.04967,1.00,1.50
2016.09.23 04:09:56.558,1.04947,1.04967,1.00,1.50
2016.09.23 04:09:58.630,1.04947,1.04966,1.00,1.00
2016.09.23 04:09:58.746,1.04945,1.04965,1.50,1.00
2016.09.23 04:09:58.798,1.04945,1.04966,1.50,1.00
2016.09.23 04:09:58.937,1.04945,1.04966,1.00,1.00
2016.09.23 04:09:59.039,1.04944,1.04966,1.00,1.00
2016.09.23 04:09:59.141,1.04947,1.04966,1.00,1.00
2016.09.23 04:09:59.599,1.04946,1.04966,1.00,1.00
2016.09.23 04:09:59.650,1.04947,1.04966,1.00,1.00
2016.09.23 04:09:59.701,1.04947,1.04967,1.00,1.00
2016.09.23 04:09:59.751,1.04947,1.04969,1.00,1.50
2016.09.23 04:09:59.803,1.04947,1.04969,1.00,1.50
2016.09.23 04:09:59.904,1.04948,1.04969,1.00,1.00
2016.09.23 04:09:59.955,1.04947,1.04969,1.50,1.00
2016.09.23 04:10:00.042,1.04948,1.04969,1.12,1.00
2016.09.23 04:10:00.094,1.04948,1.0497,1.87,1.00
2016.09.23 04:10:00.146,1.0495,1.0497,1.50,1.00
2016.09.23 04:10:00.248,1.0495,1.0497,1.50,1.00
2016.09.23 04:10:00.350,1.04951,1.0497,1.12,1.00
2016.09.23 04:10:00.627,1.04951,1.0497,1.12,1.00
2016.09.23 04:10:02.370,1.04951,1.04971,1.12,1.00
2016.09.23 04:10:02.421,1.04952,1.04971,1.00,1.00
2016.09.23 04:10:02.522,1.04951,1.04971,1.12,1.00
2016.09.23 04:10:02.624,1.04951,1.04971,1.12,1.00
2016.09.23 04:10:02.827,1.04951,1.04972,1.12,1.00
2016.09.23 04:10:03.024,1.04951,1.04972,1.87,1.00
2016.09.23 04:10:03.126,1.04952,1.04974,1.75,1.00
2016.09.23 04:10:03.177,1.04955,1.04978,1.37,1.12
2016.09.23 04:10:03.228,1.04955,1.04978,1.37,1.00
2016.09.23 04:10:03.279,1.04955,1.0498,1.37,1.00
2016.09.23 04:10:03.329,1.04957,1.0498,1.12,1.00
2016.09.23 04:10:03.380,1.04957,1.0498,1.12,1.00
2016.09.23 04:10:03.517,1.04957,1.04982,1.12,3.00
2016.09.23 04:10:03.568,1.04957,1.04982,1.12,2.25
2016.09.23 04:10:03.640,1.04957,1.04982,1.12,1.87
2016.09.23 04:10:03.691,1.04957,1.04982,1.12,1.87
2016.09.23 04:10:03.741,1.04957,1.04982,1.12,1.50
2016.09.23 04:10:03.944,1.04957,1.04982,1.50,1.50
2016.09.23 04:10:04.249,1.04957,1.04982,1.12,1.50
2016.09.23 04:10:04.350,1.04957,1.04982,1.12,1.87
2016.09.23 04:10:04.629,1.04958,1.04982,1.00,1.87
2016.09.23 04:10:04.922,1.04958,1.04982,1.00,2.25
2016.09.23 04:10:05.024,1.04955,1.0498,1.00,1.00
2016.09.23 04:10:05.075,1.04955,1.0498,1.00,1.50
2016.09.23 04:10:05.125,1.04954,1.04979,1.00,1.00
2016.09.23 04:10:05.227,1.04954,1.04975,1.00,1.00
2016.09.23 04:10:05.430,1.04954,1.04976,1.00,1.00
2016.09.23 04:10:05.531,1.04955,1.04976,1.00,1.00
2016.09.23 04:10:05.735,1.04954,1.04976,1.00,1.00
2016.09.23 04:10:06.000,1.04954,1.04976,1.00,1.00
2016.09.23 04:10:06.051,1.04954,1.04979,1.00,1.00
2016.09.23 04:10:06.153,1.04954,1.04979,1.00,1.50
2016.09.23 04:10:06.204,1.04953,1.04979,1.00,1.50
2016.09.23 04:10:06.255,1.04953,1.04978,1.00,1.00
2016.09.23 04:10:06.306,1.04953,1.04978,1.00,1.00
2016.09.23 04:10:06.407,1.04955,1.04977,1.00,1.00
2016.09.23 04:10:06.514,1.04955,1.04978,1.00,1.50
2016.09.23 04:10:08.034,1.04955,1.04978,1.00,1.00
2016.09.23 04:10:08.237,1.04955,1.04976,1.00,1.00
2016.09.23 04:10:08.339,1.04955,1.04976,1.00,1.00
2016.09.23 04:10:08.661,1.04955,1.04977,1.00,1.00
2016.09.23 04:10:10.718,1.04956,1.04977,1.00,1.00
2016.09.23 04:10:11.234,1.04956,1.04976,1.00,1.00
2016.09.23 04:10:11.705,1.04956,1.04976,1.00,1.00
2016.09.23 04:10:11.756,1.04955,1.04978,1.00,1.50
2016.09.23 04:10:12.024,1.04955,1.04978,1.00,1.00
2016.09.23 04:10:12.075,1.04955,1.04978,1.00,1.12
2016.09.23 04:10:12.177,1.04955,1.04978,1.00,1.00
2016.09.23 04:10:12.531,1.04954,1.04978,1.00,1.00
2016.09.23 04:10:20.332,1.04954,1.04977,1.00,1.00
2016.09.23 04:10:22.036,1.04954,1.04977,1.00,1.00
2016.09.23 04:10:22.574,1.04955,1.04977,1.00,1.00
2016.09.23 04:10:22.675,1.04955,1.04978,1.00,1.87
2016.09.23 04:10:23.304,1.04955,1.04974,1.00,1.00
2016.09.23 04:10:23.456,1.04953,1.04974,1.00,1.00
2016.09.23 04:10:23.689,1.04953,1.04974,1.00,1.00
2016.09.23 04:10:24.576,1.04954,1.04974,1.00,1.00
2016.09.23 04:10:25.532,1.04953,1.04974,1.00,1.00
2016.09.23 04:10:25.738,1.04953,1.04974,1.00,1.00
2016.09.23 04:10:27.357,1.04953,1.04974,1.00,1.00
2016.09.23 04:10:27.656,1.04954,1.04974,1.00,1.00
2016.09.23 04:10:29.142,1.04957,1.04978,1.00,1.87
2016.09.23 04:10:32.938,1.04957,1.04978,1.00,1.12
2016.09.23 04:10:32.989,1.04957,1.04979,1.00,2.25
2016.09.23 04:10:33.091,1.04957,1.04975,1.00,1.00
2016.09.23 04:10:37.307,1.04955,1.04975,1.00,1.00
2016.09.23 04:10:39.156,1.04956,1.04975,1.00,1.00
2016.09.23 04:10:39.692,1.04956,1.04976,1.00,1.00
2016.09.23 04:10:41.034,1.04955,1.04974,1.00,1.00
2016.09.23 04:10:41.086,1.04952,1.04975,1.50,1.37
2016.09.23 04:10:41.137,1.04952,1.04974,1.00,1.12
2016.09.23 04:10:41.187,1.04952,1.04974,1.00,1.12
2016.09.23 04:10:41.238,1.04951,1.04976,1.50,1.87
2016.09.23 04:10:41.289,1.04951,1.04974,1.50,1.12
2016.09.23 04:10:41.493,1.04952,1.04974,1.00,1.12
2016.09.23 04:10:41.645,1.04952,1.04974,1.50,1.12
2016.09.23 04:10:41.763,1.04954,1.04974,1.00,1.12
2016.09.23 04:10:41.953,1.04954,1.04976,1.00,2.62
2016.09.23 04:10:42.004,1.04952,1.04973,1.00,1.37
2016.09.23 04:10:42.106,1.04952,1.04973,1.50,1.37
2016.09.23 04:10:44.252,1.04952,1.04973,1.00,1.37
2016.09.23 04:10:44.303,1.04952,1.04973,1.00,1.37
2016.09.23 04:10:44.404,1.04951,1.04973,1.50,1.37
2016.09.23 04:10:44.455,1.04951,1.04973,1.00,1.37
2016.09.23 04:10:45.277,1.04951,1.04973,1.00,1.00
2016.09.23 04:10:45.378,1.04952,1.04973,1.00,1.00
2016.09.23 04:10:45.480,1.04952,1.04973,1.50,1.00
2016.09.23 04:10:47.169,1.04952,1.04973,1.00,1.00
2016.09.23 04:10:51.295,1.04953,1.04973,1.00,1.00
2016.09.23 04:10:51.906,1.04952,1.04973,1.00,1.00
2016.09.23 04:10:53.091,1.04952,1.04973,1.50,1.00
2016.09.23 04:10:55.403,1.04952,1.04973,1.00,1.00
2016.09.23 04:10:56.012,1.04952,1.04973,1.50,1.00
2016.09.23 04:10:58.020,1.04952,1.04973,1.50,1.00
2016.09.23 04:11:01.124,1.04952,1.04972,1.50,1.00
2016.09.23 04:11:01.326,1.04952,1.04972,1.00,1.00
2016.09.23 04:11:01.933,1.04952,1.04971,1.00,1.00
2016.09.23 04:11:02.200,1.04952,1.04972,1.50,1.00
2016.09.23 04:11:03.990,1.04952,1.04972,1.00,1.00
2016.09.23 04:11:04.182,1.04951,1.04972,1.50,1.12
2016.09.23 04:11:04.233,1.04951,1.04972,1.00,1.12
2016.09.23 04:11:04.639,1.04951,1.04971,1.00,1.00
2016.09.23 04:11:04.841,1.04951,1.04971,1.00,1.00
2016.09.23 04:11:08.991,1.04951,1.04971,1.00,1.12
2016.09.23 04:11:10.725,1.04951,1.04971,1.00,1.12
2016.09.23 04:11:12.712,1.04951,1.04971,1.50,1.12
2016.09.23 04:11:13.353,1.04951,1.04972,1.50,1.37
2016.09.23 04:11:13.754,1.04951,1.04972,1.00,1.87
2016.09.23 04:11:16.730,1.04952,1.04972,1.00,1.87
2016.09.23 04:11:16.781,1.04952,1.04972,1.00,1.12
2016.09.23 04:11:16.831,1.04952,1.04972,1.00,1.00
2016.09.23 04:11:17.341,1.04952,1.04973,1.00,1.00
2016.09.23 04:11:18.535,1.04951,1.04973,1.50,1.00
2016.09.23 04:11:19.573,1.04951,1.04972,1.00,1.00
2016.09.23 04:11:19.624,1.0495,1.04972,1.00,1.00
2016.09.23 04:11:19.725,1.04949,1.04972,1.50,1.00
2016.09.23 04:11:20.478,1.04949,1.04972,1.50,1.00
2016.09.23 04:11:20.681,1.04949,1.04972,1.50,1.00
2016.09.23 04:11:20.732,1.0495,1.04972,1.00,1.00
2016.09.23 04:11:20.783,1.0495,1.04972,1.50,1.00
2016.09.23 04:11:25.237,1.04951,1.04972,1.00,1.00
2016.09.23 04:11:25.338,1.0495,1.04973,1.50,1.00
2016.09.23 04:11:25.440,1.04951,1.04973,1.00,1.00
2016.09.23 04:11:25.491,1.04951,1.04973,1.00,1.50
2016.09.23 04:11:25.542,1.04951,1.04973,1.50,1.50
2016.09.23 04:11:25.727,1.04951,1.04973,1.00,1.50
2016.09.23 04:11:25.880,1.0495,1.04973,1.00,1.00
2016.09.23 04:11:25.938,1.04951,1.04973,1.00,1.00
2016.09.23 04:11:26.090,1.04952,1.04973,1.00,1.00
2016.09.23 04:11:26.141,1.04952,1.04973,1.50,1.00
2016.09.23 04:11:27.318,1.04952,1.04963,1.00,1.00
2016.09.23 04:11:27.369,1.04952,1.04965,1.00,1.00
2016.09.23 04:11:27.419,1.04953,1.04973,1.00,1.00
2016.09.23 04:11:27.470,1.0495,1.04972,1.00,1.00
2016.09.23 04:11:27.572,1.04949,1.0497,1.00,1.00
2016.09.23 04:11:27.622,1.04948,1.04966,1.00,1.00
2016.09.23 04:11:27.673,1.04948,1.04966,1.00,1.00
2016.09.23 04:11:27.724,1.0495,1.0497,1.00,1.87
2016.09.23 04:11:27.775,1.0495,1.04973,1.00,4.12
2016.09.23 04:11:27.914,1.04951,1.04973,1.00,2.25
2016.09.23 04:11:28.015,1.0495,1.04973,1.00,1.87
2016.09.23 04:11:28.066,1.04951,1.0497,1.00,1.00
2016.09.23 04:11:28.270,1.04953,1.04973,1.00,1.00
2016.09.23 04:11:28.372,1.04953,1.04975,1.00,1.87
2016.09.23 04:11:28.423,1.04953,1.04975,1.00,2.62
2016.09.23 04:11:28.524,1.04953,1.04975,1.00,1.87
2016.09.23 04:11:28.575,1.04953,1.04975,1.00,1.87
2016.09.23 04:11:29.086,1.04953,1.04975,1.00,1.87
2016.09.23 04:11:29.238,1.04953,1.04975,1.00,1.50
2016.09.23 04:11:29.289,1.04953,1.04975,1.00,1.50
2016.09.23 04:11:30.651,1.04955,1.04975,1.00,1.50
2016.09.23 04:11:30.875,1.04955,1.04976,1.00,1.12
2016.09.23 04:11:30.949,1.04957,1.04978,1.00,1.00
2016.09.23 04:11:31.001,1.04957,1.0498,1.00,1.50
2016.09.23 04:11:31.052,1.04958,1.0498,1.00,1.87
2016.09.23 04:11:31.103,1.04957,1.0498,1.00,1.12
2016.09.23 04:11:31.154,1.04957,1.04979,1.00,1.37
2016.09.23 04:11:31.206,1.04956,1.04979,1.00,1.37
2016.09.23 04:11:31.286,1.04956,1.04979,1.00,1.75
2016.09.23 04:11:31.338,1.04951,1.04974,1.50,1.75
2016.09.23 04:11:31.389,1.04951,1.0497,1.00,1.12
2016.09.23 04:11:31.439,1.04951,1.0497,1.00,1.75
2016.09.23 04:11:31.592,1.04949,1.0497,1.00,1.75
2016.09.23 04:11:31.643,1.04949,1.0497,1.00,1.04
2016.09.23 04:11:31.693,1.04949,1.0497,1.00,1.04
2016.09.23 04:11:31.744,1.04949,1.0497,1.00,1.00
2016.09.23 04:11:31.846,1.04949,1.0497,1.00,1.05
2016.09.23 04:11:32.385,1.0495,1.0497,1.00,1.05
2016.09.23 04:11:32.487,1.0495,1.04969,1.00,1.00
2016.09.23 04:11:32.883,1.04949,1.04971,1.00,1.91
2016.09.23 04:11:35.442,1.04948,1.0497,1.50,1.05
2016.09.23 04:11:35.493,1.04948,1.04969,1.00,1.00
2016.09.23 04:11:35.544,1.04946,1.04969,1.00,1.91
2016.09.23 04:11:35.595,1.04946,1.04967,1.00,1.04
2016.09.23 04:11:35.720,1.04945,1.04967,1.00,1.00
2016.09.23 04:11:35.771,1.04944,1.04967,1.00,1.12
2016.09.23 04:11:35.923,1.04945,1.04967,1.00,1.12
2016.09.23 04:11:35.974,1.04945,1.04967,1.50,1.12
2016.09.23 04:11:36.075,1.04945,1.04967,1.50,1.00
2016.09.23 04:11:36.177,1.04945,1.04968,1.50,1.87
2016.09.23 04:11:36.228,1.04945,1.04968,1.50,1.12
2016.09.23 04:11:36.279,1.04945,1.04967,1.00,1.00
2016.09.23 04:11:36.345,1.04945,1.04968,1.00,1.50
2016.09.23 04:11:36.537,1.04945,1.04968,1.00,1.87
2016.09.23 04:11:36.766,1.04944,1.04968,1.50,1.87
2016.09.23 04:11:37.814,1.04944,1.04968,1.50,1.91
2016.09.23 04:11:39.132,1.04946,1.04968,1.00,2.66
2016.09.23 04:11:39.183,1.04946,1.04968,1.00,2.29
2016.09.23 04:11:39.284,1.04946,1.04968,1.00,1.54
2016.09.23 04:11:39.335,1.04947,1.04968,1.00,1.00
2016.09.23 04:11:39.386,1.04948,1.0497,1.00,1.54
2016.09.23 04:11:39.438,1.04948,1.04971,1.00,2.29
2016.09.23 04:11:39.489,1.04948,1.04971,1.00,1.16
2016.09.23 04:11:39.540,1.0495,1.04972,1.00,3.04
2016.09.23 04:11:39.590,1.04949,1.04972,1.00,2.29
2016.09.23 04:11:39.641,1.0495,1.04972,1.00,1.91
2016.09.23 04:11:39.692,1.0495,1.04973,1.00,1.54
2016.09.23 04:11:39.972,1.04951,1.04973,1.00,1.04
2016.09.23 04:11:40.074,1.04952,1.04975,1.00,1.91
2016.09.23 04:11:40.276,1.04952,1.04974,1.00,1.04
2016.09.23 04:11:40.530,1.04952,1.04974,1.00,1.05
2016.09.23 04:11:40.682,1.04952,1.04975,1.00,2.66
2016.09.23 04:11:45.286,1.04952,1.04975,1.00,1.16
2016.09.23 04:11:45.638,1.04952,1.04975,1.00,1.04
2016.09.23 04:11:46.990,1.04952,1.04976,1.00,1.04
2016.09.23 04:11:47.194,1.04952,1.04976,1.00,1.04
2016.09.23 04:11:47.245,1.0495,1.0496,1.00,1.00
2016.09.23 04:11:47.347,1.04948,1.04959,1.00,1.04
2016.09.23 04:11:47.399,1.04942,1.04959,1.00,1.04
2016.09.23 04:11:47.452,1.04938,1.04959,1.02,1.00
2016.09.23 04:11:47.503,1.04937,1.04959,1.02,1.00
2016.09.23 04:11:47.554,1.04937,1.04959,1.00,1.00
2016.09.23 04:11:47.656,1.04935,1.04958,1.00,1.00
2016.09.23 04:11:47.707,1.04935,1.04957,1.00,1.00
2016.09.23 04:11:47.808,1.04934,1.04954,1.50,1.00
2016.09.23 04:11:47.859,1.04934,1.04954,1.00,1.00
2016.09.23 04:11:48.214,1.04933,1.04957,1.50,1.00
2016.09.23 04:11:48.755,1.04933,1.04957,1.50,1.50
2016.09.23 04:11:49.843,1.04933,1.04957,2.25,1.50
2016.09.23 04:11:49.894,1.04934,1.04958,2.25,1.12
2016.09.23 04:11:49.960,1.04935,1.04958,1.75,1.00
2016.09.23 04:11:50.011,1.04935,1.04958,2.25,1.00
2016.09.23 04:11:50.062,1.04936,1.0496,1.75,1.87
2016.09.23 04:11:50.113,1.04937,1.0496,1.50,1.87
2016.09.23 04:11:50.164,1.04937,1.04961,1.50,3.75
2016.09.23 04:11:50.214,1.04937,1.04961,1.50,2.62
2016.09.23 04:11:50.367,1.04937,1.0496,2.25,1.00
2016.09.23 04:11:52.059,1.04937,1.0496,1.87,1.00
2016.09.23 04:11:52.110,1.04937,1.0496,1.12,1.50
2016.09.23 04:11:52.160,1.04937,1.04959,1.50,1.12
2016.09.23 04:11:52.211,1.04937,1.04958,1.00,1.00
2016.09.23 04:11:52.337,1.04936,1.04958,1.75,1.50
2016.09.23 04:11:52.387,1.04942,1.04963,1.00,1.50
2016.09.23 04:11:52.439,1.04942,1.04964,1.12,1.87
2016.09.23 04:11:52.490,1.04942,1.04964,1.12,1.00
2016.09.23 04:11:52.541,1.04942,1.04964,1.00,1.00
2016.09.23 04:11:52.642,1.04942,1.04964,1.00,1.50
2016.09.23 04:11:52.693,1.04942,1.04963,1.00,1.00
2016.09.23 04:11:53.382,1.04941,1.04963,1.00,1.00
2016.09.23 04:11:53.433,1.04941,1.04963,1.00,1.50
2016.09.23 04:11:55.772,1.04941,1.04963,1.00,1.00
2016.09.23 04:11:56.134,1.0494,1.04965,1.50,1.87
2016.09.23 04:11:57.069,1.0494,1.04963,1.50,1.00
2016.09.23 04:11:57.326,1.04941,1.04963,1.00,1.50
2016.09.23 04:12:00.141,1.04941,1.04964,1.00,1.54
2016.09.23 04:12:00.192,1.04941,1.04963,1.00,1.50
2016.09.23 04:12:00.295,1.04941,1.04962,1.00,1.00
2016.09.23 04:12:00.754,1.04939,1.04961,1.00,1.00
2016.09.23 04:12:01.299,1.04939,1.04962,1.00,1.00
2016.09.23 04:12:01.635,1.04939,1.04962,1.00,1.12
2016.09.23 04:12:02.535,1.04941,1.04962,1.00,1.12
2016.09.23 04:12:02.585,1.04939,1.04962,1.00,1.00
2016.09.23 04:12:02.636,1.04939,1.04964,1.00,2.62
2016.09.23 04:12:03.648,1.04941,1.04964,1.00,2.62
2016.09.23 04:12:03.903,1.04941,1.04963,1.00,1.00
2016.09.23 04:12:04.138,1.04939,1.04963,1.00,1.00
2016.09.23 04:12:04.189,1.04939,1.04962,1.00,1.00
2016.09.23 04:12:04.241,1.04939,1.04962,1.00,1.00
2016.09.23 04:12:04.342,1.04939,1.04962,1.00,1.00
2016.09.23 04:12:04.596,1.04937,1.04961,1.50,1.87
2016.09.23 04:12:04.647,1.04937,1.04958,1.00,1.37
2016.09.23 04:12:04.698,1.04936,1.04957,1.00,1.00
2016.09.23 04:12:04.749,1.04935,1.04957,1.00,1.87
2016.09.23 04:12:04.801,1.04934,1.04957,1.00,1.87
2016.09.23 04:12:04.890,1.04933,1.04956,1.00,1.12
2016.09.23 04:12:04.991,1.04933,1.04957,1.00,2.25
2016.09.23 04:12:05.093,1.04933,1.04954,1.00,1.00
2016.09.23 04:12:05.414,1.04935,1.04954,1.00,1.00
2016.09.23 04:12:05.515,1.04935,1.04956,1.00,1.00
2016.09.23 04:12:05.718,1.04933,1.04956,1.00,1.12
2016.09.23 04:12:05.920,1.04933,1.04954,1.00,1.00
2016.09.23 04:12:07.467,1.04933,1.04954,1.00,1.00
2016.09.23 04:12:10.227,1.04934,1.04954,1.00,1.00
2016.09.23 04:12:10.328,1.04934,1.04955,1.00,1.00
2016.09.23 04:12:10.650,1.04934,1.04955,1.00,1.00
2016.09.23 04:12:11.073,1.0493,1.04948,1.37,1.00
2016.09.23 04:12:11.124,1.04928,1.04947,1.12,1.00
2016.09.23 04:12:11.175,1.04926,1.04947,1.50,1.00
2016.09.23 04:12:11.226,1.04926,1.04948,1.00,1.00
2016.09.23 04:12:11.276,1.04924,1.04945,1.12,1.00
2016.09.23 04:12:11.327,1.04926,1.04946,1.00,1.50
2016.09.23 04:12:11.378,1.04929,1.04946,1.00,1.50
2016.09.23 04:12:11.429,1.04929,1.0495,1.00,1.00
2016.09.23 04:12:11.559,1.04928,1.04949,1.00,1.00
2016.09.23 04:12:12.106,1.04929,1.04949,1.00,1.00
2016.09.23 04:12:14.498,1.04929,1.0495,1.00,1.00
2016.09.23 04:12:14.549,1.04929,1.0495,1.00,1.00
2016.09.23 04:12:15.068,1.04929,1.04949,1.00,1.00
2016.09.23 04:12:17.223,1.0493,1.04951,1.00,1.00
2016.09.23 04:12:17.324,1.04932,1.04953,1.00,1.00
2016.09.23 04:12:17.730,1.04933,1.04953,1.00,1.00
2016.09.23 04:12:17.932,1.04933,1.04954,1.00,1.00
2016.09.23 04:12:19.576,1.04933,1.04954,1.00,1.00
2016.09.23 04:12:20.012,1.04935,1.04954,1.00,1.00
2016.09.23 04:12:20.165,1.04934,1.04954,1.12,1.00
2016.09.23 04:12:20.216,1.04935,1.04954,1.00,1.00
2016.09.23 04:12:20.418,1.04935,1.04955,1.00,1.00
2016.09.23 04:12:20.469,1.04935,1.04955,1.00,1.00
2016.09.23 04:12:21.201,1.04935,1.04956,1.00,1.00
2016.09.23 04:12:21.881,1.04936,1.04956,1.00,1.00
2016.09.23 04:12:22.069,1.04937,1.04956,1.00,1.00
2016.09.23 04:12:22.527,1.04939,1.04958,1.00,1.00
2016.09.23 04:12:22.629,1.04939,1.04961,1.00,1.50
2016.09.23 04:12:22.680,1.04939,1.04961,1.00,1.00
2016.09.23 04:12:22.731,1.04939,1.0496,1.00,1.00
2016.09.23 04:12:22.936,1.04939,1.04961,1.00,1.00
2016.09.23 04:12:23.134,1.04939,1.0496,1.00,1.00
2016.09.23 04:12:23.184,1.04941,1.0496,1.00,1.00
2016.09.23 04:12:23.236,1.04941,1.04961,1.00,1.37
2016.09.23 04:12:23.337,1.0494,1.04962,1.00,2.25
2016.09.23 04:12:23.388,1.04942,1.04962,1.00,1.50
2016.09.23 04:12:23.439,1.04942,1.04962,1.00,1.00
2016.09.23 04:12:23.490,1.04942,1.04964,1.00,1.00
2016.09.23 04:12:23.541,1.04942,1.04965,1.00,1.12
2016.09.23 04:12:23.591,1.04943,1.04965,1.00,1.87
2016.09.23 04:12:23.642,1.04943,1.04963,1.00,1.00
2016.09.23 04:12:23.744,1.04941,1.04963,1.00,1.00
2016.09.23 04:12:23.802,1.04941,1.04963,1.00,1.00
2016.09.23 04:12:23.853,1.04941,1.04964,1.00,1.00
2016.09.23 04:12:24.140,1.04942,1.04964,1.00,1.50
2016.09.23 04:12:24.191,1.04942,1.04964,1.00,2.25
2016.09.23 04:12:24.293,1.04941,1.04963,1.00,1.00
2016.09.23 04:12:24.547,1.04941,1.04963,1.00,1.50
2016.09.23 04:12:24.807,1.04941,1.04963,1.00,1.00
2016.09.23 04:12:24.904,1.04941,1.04963,1.00,1.00
2016.09.23 04:12:25.056,1.04941,1.04963,1.00,1.50
2016.09.23 04:12:26.108,1.04941,1.04963,1.00,1.00
2016.09.23 04:12:26.234,1.04941,1.04964,1.00,1.87
2016.09.23 04:12:26.335,1.04941,1.04963,1.00,1.00
2016.09.23 04:12:26.386,1.04941,1.04963,1.00,1.37
2016.09.23 04:12:26.437,1.04941,1.04964,1.00,2.25
2016.09.23 04:12:26.487,1.04941,1.04964,1.00,1.87
2016.09.23 04:12:26.538,1.04941,1.04962,1.00,1.00
2016.09.23 04:12:26.994,1.04942,1.04962,1.00,1.00
2016.09.23 04:12:27.459,1.04942,1.04964,1.00,2.62
2016.09.23 04:12:27.561,1.0494,1.04963,1.00,1.00
2016.09.23 04:12:27.713,1.04939,1.04963,1.00,1.00
2016.09.23 04:12:28.001,1.04941,1.04962,1.00,1.00
2016.09.23 04:12:28.189,1.0494,1.04962,1.00,2.25
2016.09.23 04:12:28.240,1.0494,1.0496,1.00,1.12
2016.09.23 04:12:28.291,1.0494,1.0496,1.00,1.12
2016.09.23 04:12:28.342,1.0494,1.04962,1.00,1.75
2016.09.23 04:12:28.393,1.0494,1.04962,1.00,1.75
2016.09.23 04:12:33.620,1.04939,1.04962,1.00,1.75
2016.09.23 04:12:34.234,1.04938,1.04962,1.00,1.75
2016.09.23 04:12:34.687,1.0494,1.04962,1.00,2.25
2016.09.23 04:12:34.890,1.04941,1.04963,1.00,1.50
2016.09.23 04:12:34.992,1.04942,1.04963,1.00,1.00
2016.09.23 04:12:35.094,1.04942,1.04963,1.00,1.00
2016.09.23 04:12:35.195,1.04941,1.04963,1.00,1.50
2016.09.23 04:12:36.041,1.04941,1.04963,1.00,1.00
2016.09.23 04:12:36.154,1.04942,1.04964,1.00,1.87
2016.09.23 04:12:36.205,1.04942,1.04964,1.00,1.87
2016.09.23 04:12:36.255,1.04942,1.04963,1.00,1.00
2016.09.23 04:12:36.306,1.04942,1.04963,1.00,1.75
2016.09.23 04:12:36.610,1.04942,1.04963,1.00,1.75
2016.09.23 04:12:36.763,1.04942,1.04962,1.00,1.50
2016.09.23 04:12:39.252,1.0494,1.04962,1.00,1.50
2016.09.23 04:12:39.303,1.04942,1.04962,1.00,1.50
2016.09.23 04:12:39.404,1.04942,1.04962,1.00,1.00
2016.09.23 04:12:39.557,1.04943,1.04963,1.00,1.12
2016.09.23 04:12:39.980,1.04943,1.04964,1.00,1.37
2016.09.23 04:12:40.031,1.04943,1.04964,1.00,1.37
2016.09.23 04:12:40.184,1.04943,1.04964,1.00,1.12
2016.09.23 04:12:40.336,1.04943,1.04962,1.00,1.00
2016.09.23 04:12:40.857,1.04942,1.04962,1.00,1.00
2016.09.23 04:12:42.645,1.04942,1.04963,1.00,1.00
2016.09.23 04:12:47.946,1.04943,1.04964,1.00,1.12
2016.09.23 04:12:47.997,1.04943,1.04964,1.00,1.12
2016.09.23 04:12:48.428,1.04943,1.04964,1.00,1.37
2016.09.23 04:12:50.592,1.04943,1.04964,1.00,1.37
2016.09.23 04:12:51.109,1.04943,1.04964,1.00,1.37
2016.09.23 04:12:51.789,1.04943,1.04964,1.00,1.75
2016.09.23 04:12:51.840,1.04939,1.04961,1.50,2.25
2016.09.23 04:12:51.891,1.04936,1.04959,1.75,1.87
2016.09.23 04:12:51.993,1.04935,1.04958,1.00,2.25
2016.09.23 04:12:52.044,1.04934,1.04957,1.00,1.75
2016.09.23 04:12:52.094,1.04934,1.04955,1.00,1.75
2016.09.23 04:12:52.145,1.04934,1.04955,1.00,1.75
2016.09.23 04:12:52.247,1.04933,1.04955,1.00,1.75
2016.09.23 04:12:52.348,1.04933,1.04955,1.00,1.75
2016.09.23 04:12:53.753,1.04933,1.04955,1.00,1.50
2016.09.23 04:12:57.267,1.04933,1.04954,1.00,1.37
2016.09.23 04:12:57.773,1.04932,1.04954,1.00,1.37
2016.09.23 04:12:59.076,1.04932,1.04954,1.00,1.37
2016.09.23 04:13:00.882,1.04932,1.04954,1.00,1.37
2016.09.23 04:13:02.218,1.04932,1.04954,1.00,1.00
2016.09.23 04:13:02.572,1.04932,1.04953,1.00,1.00
2016.09.23 04:13:04.244,1.04932,1.04953,1.00,1.00
2016.09.23 04:13:04.346,1.04933,1.04953,1.00,1.00
2016.09.23 04:13:04.625,1.04933,1.04954,1.00,1.00
2016.09.23 04:13:05.046,1.04933,1.04954,1.00,1.00
2016.09.23 04:13:05.527,1.04933,1.04954,1.00,1.12
2016.09.23 04:13:05.981,1.04933,1.04954,1.00,1.00
2016.09.23 04:13:13.823,1.04933,1.04955,1.00,1.50
2016.09.23 04:13:14.002,1.04932,1.04954,1.00,1.00
2016.09.23 04:13:14.104,1.04932,1.04954,1.00,1.50
2016.09.23 04:13:15.979,1.04932,1.04954,1.00,2.25
2016.09.23 04:13:16.081,1.04932,1.04954,1.00,2.25
2016.09.23 04:13:16.161,1.04932,1.04952,1.00,1.12
2016.09.23 04:13:16.212,1.04932,1.04953,1.00,1.50
2016.09.23 04:13:16.409,1.04931,1.04951,1.00,1.00
2016.09.23 04:13:20.283,1.04931,1.04951,1.00,1.00
2016.09.23 04:13:20.334,1.04931,1.04951,1.00,1.50
2016.09.23 04:13:21.043,1.0493,1.04951,1.00,1.50
2016.09.23 04:13:27.040,1.0493,1.04951,1.00,1.00
2016.09.23 04:13:27.091,1.0493,1.04951,1.00,1.00
2016.09.23 04:13:29.821,1.0493,1.04952,1.00,1.12
2016.09.23 04:13:30.501,1.0493,1.04951,1.00,1.00
2016.09.23 04:13:35.483,1.04929,1.04951,1.00,1.00
2016.09.23 04:13:36.139,1.04928,1.04949,1.12,1.00
2016.09.23 04:13:36.214,1.04928,1.04949,1.12,1.12
2016.09.23 04:13:36.316,1.04928,1.0495,1.12,1.50
2016.09.23 04:13:36.366,1.04928,1.0495,1.12,1.87
2016.09.23 04:13:36.838,1.04928,1.0495,1.12,1.12
2016.09.23 04:13:36.939,1.04928,1.04951,1.12,2.25
2016.09.23 04:13:37.424,1.04928,1.04951,1.12,1.50
2016.09.23 04:13:41.059,1.04928,1.04951,1.00,1.50
2016.09.23 04:13:41.111,1.04928,1.04951,1.00,1.50
2016.09.23 04:13:41.210,1.04928,1.0495,1.00,1.00
2016.09.23 04:13:41.718,1.04928,1.04951,1.00,1.00
2016.09.23 04:13:41.805,1.04928,1.04951,1.00,1.50
2016.09.23 04:13:45.529,1.04928,1.04951,1.00,1.00
2016.09.23 04:13:45.727,1.04928,1.04952,1.00,1.12
2016.09.23 04:13:46.475,1.04928,1.04952,1.00,1.50
2016.09.23 04:13:49.945,1.04928,1.0495,1.00,1.00
2016.09.23 04:13:49.998,1.04928,1.0495,1.00,1.50
2016.09.23 04:13:50.049,1.04928,1.0495,1.00,1.50
2016.09.23 04:13:50.100,1.04927,1.04949,1.00,1.12
2016.09.23 04:13:50.151,1.04927,1.04948,1.00,1.50
2016.09.23 04:13:50.202,1.04926,1.04948,1.00,2.25
2016.09.23 04:13:50.253,1.04924,1.04947,1.00,1.75
2016.09.23 04:13:50.305,1.04924,1.04944,1.00,1.37
2016.09.23 04:13:50.356,1.04922,1.04943,1.00,1.12
2016.09.23 04:13:50.458,1.04922,1.04944,1.00,1.87
2016.09.23 04:13:50.559,1.04922,1.04944,1.00,1.87
2016.09.23 04:13:50.661,1.04922,1.04944,1.00,1.87
2016.09.23 04:13:51.123,1.04922,1.04944,1.00,1.87
2016.09.23 04:13:54.899,1.04922,1.04944,1.00,1.50
2016.09.23 04:13:55.425,1.04921,1.04944,1.50,1.50
2016.09.23 04:13:55.527,1.04925,1.04944,1.00,1.50
2016.09.23 04:13:55.577,1.04925,1.04946,1.50,1.50
2016.09.23 04:13:55.628,1.04926,1.04946,1.37,1.50
2016.09.23 04:13:55.679,1.04927,1.04946,1.37,1.00
2016.09.23 04:13:55.730,1.04927,1.04947,1.37,1.00
2016.09.23 04:13:55.781,1.04927,1.04949,1.00,1.00
2016.09.23 04:13:55.934,1.04928,1.04949,1.00,1.00
2016.09.23 04:13:56.036,1.04928,1.04948,1.00,1.00
2016.09.23 04:13:56.137,1.04928,1.04948,1.00,1.00
2016.09.23 04:13:56.326,1.04926,1.04948,1.12,1.00
2016.09.23 04:13:56.377,1.04926,1.04948,1.12,1.00
2016.09.23 04:13:56.479,1.04926,1.04948,1.12,1.00
2016.09.23 04:13:56.580,1.04926,1.04948,1.12,1.00
2016.09.23 04:13:56.682,1.04926,1.04947,1.12,1.00
2016.09.23 04:13:57.667,1.04926,1.04947,1.00,1.00
2016.09.23 04:13:57.768,1.04926,1.04948,1.50,1.00
2016.09.23 04:13:57.870,1.04926,1.04949,2.25,1.00
2016.09.23 04:13:57.920,1.04928,1.04949,1.12,1.00
2016.09.23 04:13:57.971,1.04928,1.0495,1.87,1.00
2016.09.23 04:13:58.022,1.0493,1.0495,1.00,1.00
2016.09.23 04:13:58.073,1.0493,1.0495,1.00,1.00
2016.09.23 04:13:58.174,1.0493,1.04951,1.00,1.00
2016.09.23 04:13:58.276,1.0493,1.04951,1.00,1.00
2016.09.23 04:13:58.554,1.0493,1.04951,1.00,1.00
2016.09.23 04:13:59.042,1.04929,1.04951,1.12,1.00
2016.09.23 04:13:59.093,1.0493,1.04951,1.00,1.00
2016.09.23 04:13:59.144,1.0493,1.0495,1.00,1.00
2016.09.23 04:14:00.266,1.0493,1.04952,1.00,1.00
2016.09.23 04:14:00.317,1.0493,1.04952,1.00,1.00
2016.09.23 04:14:00.586,1.0493,1.04952,1.00,1.00
2016.09.23 04:14:03.095,1.04931,1.04952,1.00,1.00
2016.09.23 04:14:03.146,1.04932,1.04953,1.00,1.50
2016.09.23 04:14:03.197,1.04934,1.04953,1.00,1.50
2016.09.23 04:14:03.247,1.04935,1.04954,1.00,1.00
2016.09.23 04:14:03.298,1.04936,1.04956,1.00,1.00
2016.09.23 04:14:03.349,1.04937,1.04958,1.00,1.00
2016.09.23 04:14:03.447,1.04936,1.04959,1.00,1.87
2016.09.23 04:14:03.498,1.04933,1.04955,1.00,1.37
2016.09.23 04:14:03.549,1.04933,1.04953,1.00,1.12
2016.09.23 04:14:03.601,1.04933,1.04953,1.00,1.00
2016.09.23 04:14:03.652,1.04933,1.04954,1.00,1.00
2016.09.23 04:14:03.804,1.04933,1.04954,1.00,1.37
2016.09.23 04:14:03.854,1.04932,1.04953,1.00,1.12
2016.09.23 04:14:04.006,1.04932,1.04953,1.00,1.50
2016.09.23 04:14:04.057,1.0493,1.04952,1.50,1.37
2016.09.23 04:14:04.108,1.0493,1.04952,1.00,1.37
2016.09.23 04:14:04.159,1.04929,1.04953,1.00,1.50
2016.09.23 04:14:04.260,1.04929,1.04953,1.00,1.50
2016.09.23 04:14:04.362,1.0493,1.04952,1.00,1.37
2016.09.23 04:14:04.509,1.0493,1.04952,1.50,1.37
2016.09.23 04:14:04.562,1.04931,1.04953,1.00,1.50
2016.09.23 04:14:04.664,1.0493,1.04952,1.50,1.37
2016.09.23 04:14:05.174,1.0493,1.04952,1.50,1.75
2016.09.23 04:14:05.348,1.0493,1.04954,1.50,1.75
2016.09.23 04:14:06.271,1.0493,1.04952,1.50,1.75
2016.09.23 04:14:06.875,1.04931,1.04952,1.00,1.75
2016.09.23 04:14:06.977,1.04932,1.04953,1.00,1.00
2016.09.23 04:14:07.664,1.04931,1.04953,1.00,1.00
2016.09.23 04:14:07.715,1.04931,1.04953,1.00,1.75
2016.09.23 04:14:07.766,1.04929,1.0495,1.00,1.50
2016.09.23 04:14:07.868,1.04928,1.04952,1.00,3.00
2016.09.23 04:14:07.970,1.04928,1.04951,1.00,1.75
2016.09.23 04:14:08.196,1.04929,1.04951,1.50,1.75
2016.09.23 04:14:08.602,1.04928,1.0495,1.50,1.50
2016.09.23 04:14:08.977,1.04928,1.0495,1.50,1.75
2016.09.23 04:14:09.819,1.04928,1.0495,1.00,2.25
2016.09.23 04:14:09.918,1.04926,1.04949,1.00,1.75
2016.09.23 04:14:09.969,1.04926,1.04949,1.00,2.25
2016.09.23 04:14:10.020,1.04926,1.04948,1.00,1.50
2016.09.23 04:14:10.070,1.04926,1.04948,1.00,2.25
2016.09.23 04:14:10.177,1.04926,1.04947,1.00,1.37
2016.09.23 04:14:10.378,1.04926,1.04947,1.00,1.37
2016.09.23 04:14:10.875,1.04926,1.04947,1.00,1.37
2016.09.23 04:14:12.284,1.04926,1.04947,1.00,1.37
2016.09.23 04:14:12.566,1.04926,1.04948,1.50,2.25
2016.09.23 04:14:13.610,1.04926,1.04948,1.50,2.25
2016.09.23 04:14:13.661,1.04926,1.04948,1.00,1.50
2016.09.23 04:14:13.886,1.04926,1.04948,1.00,1.50
2016.09.23 04:14:14.688,1.04926,1.04945,1.00,1.00
2016.09.23 04:14:14.789,1.04926,1.04947,1.00,1.37
2016.09.23 04:14:14.891,1.04926,1.04947,1.00,1.37
2016.09.23 04:14:14.942,1.04926,1.04947,1.00,1.50
2016.09.23 04:14:14.993,1.04924,1.04947,1.00,1.50
2016.09.23 04:14:15.145,1.04925,1.04947,1.50,1.50
2016.09.23 04:14:15.195,1.04925,1.04948,1.00,3.37
2016.09.23 04:14:15.325,1.04925,1.04945,1.00,1.12
2016.09.23 04:14:15.578,1.04925,1.04945,1.00,1.12
2016.09.23 04:14:15.791,1.04925,1.04945,1.00,1.12
2016.09.23 04:14:16.368,1.04925,1.04945,1.00,1.12
2016.09.23 04:14:17.496,1.04925,1.04945,1.00,1.12
2016.09.23 04:14:17.797,1.04925,1.04946,1.00,1.87
2016.09.23 04:14:18.205,1.04925,1.04946,1.00,1.37
2016.09.23 04:14:18.306,1.0492,1.04943,1.50,1.00
2016.09.23 04:14:18.357,1.0492,1.04943,1.00,1.87
2016.09.23 04:14:18.408,1.04918,1.04941,1.00,1.50
2016.09.23 04:14:18.459,1.04917,1.04941,1.50,1.87
2016.09.23 04:14:18.510,1.04917,1.04939,1.50,1.00
2016.09.23 04:14:18.612,1.04917,1.04939,1.50,1.00
2016.09.23 04:14:18.714,1.04918,1.04935,1.00,1.50
2016.09.23 04:14:18.817,1.04916,1.04935,1.00,1.50
2016.09.23 04:14:18.868,1.04915,1.04934,1.00,1.37
2016.09.23 04:14:18.919,1.04915,1.04934,1.00,1.37
2016.09.23 04:14:19.261,1.04916,1.04935,1.00,2.25
2016.09.23 04:14:19.392,1.04914,1.04935,1.00,3.00
2016.09.23 04:14:20.193,1.04914,1.04935,1.00,2.25
2016.09.23 04:14:23.215,1.04913,1.04935,1.00,3.00
2016.09.23 04:14:24.109,1.04913,1.04935,1.00,2.25
2016.09.23 04:14:24.398,1.04913,1.04935,1.00,3.00
2016.09.23 04:14:27.975,1.04912,1.04935,1.00,2.25
2016.09.23 04:14:30.255,1.04912,1.04935,1.00,1.75
2016.09.23 04:14:30.356,1.04914,1.04935,1.00,1.87
2016.09.23 04:14:30.908,1.04913,1.04935,1.00,1.87
2016.09.23 04:14:31.947,1.04913,1.04934,1.00,1.87
2016.09.23 04:14:32.073,1.04911,1.04934,1.00,1.50
2016.09.23 04:14:32.125,1.04911,1.04933,1.00,1.12
2016.09.23 04:14:32.328,1.04911,1.04933,1.00,1.12
2016.09.23 04:14:32.441,1.04911,1.04933,1.00,1.00
2016.09.23 04:14:33.016,1.04912,1.04934,1.00,1.00
2016.09.23 04:14:34.600,1.04912,1.04935,1.00,2.25
2016.09.23 04:14:34.651,1.04912,1.04935,1.75,2.25
2016.09.23 04:14:34.702,1.04912,1.04934,2.25,1.00
2016.09.23 04:14:34.753,1.04912,1.04935,2.25,2.25
2016.09.23 04:14:34.804,1.04915,1.04935,1.12,1.50
2016.09.23 04:14:34.892,1.04915,1.04935,1.12,1.50
2016.09.23 04:14:34.943,1.04915,1.04936,1.12,1.00
2016.09.23 04:14:35.044,1.04915,1.04936,1.00,1.00
2016.09.23 04:14:44.100,1.04913,1.04936,1.50,1.00
2016.09.23 04:14:44.151,1.04913,1.04936,1.50,1.00
2016.09.23 04:14:44.252,1.04913,1.04936,1.50,1.00
2016.09.23 04:14:44.303,1.04916,1.04936,1.00,1.00
2016.09.23 04:14:48.501,1.04914,1.04936,1.50,1.00
2016.09.23 04:14:48.602,1.04914,1.04938,1.00,1.87
2016.09.23 04:14:48.653,1.04914,1.04938,1.00,1.87
2016.09.23 04:14:49.039,1.04916,1.04938,1.00,1.87
2016.09.23 04:14:49.771,1.04916,1.04938,1.00,1.87
2016.09.23 04:14:49.873,1.04916,1.04938,1.00,1.50
2016.09.23 04:15:00.643,1.04916,1.04938,1.00,1.50
2016.09.23 04:15:00.694,1.04916,1.04937,1.00,1.00
2016.09.23 04:15:00.796,1.04916,1.04938,1.00,1.50
2016.09.23 04:15:00.846,1.04917,1.04938,1.00,1.00
2016.09.23 04:15:01.315,1.04916,1.04938,1.50,1.00
2016.09.23 04:15:06.691,1.04916,1.04938,1.50,1.50
2016.09.23 04:15:06.800,1.04916,1.04938,1.50,1.50
2016.09.23 04:15:07.153,1.04916,1.04938,1.50,1.50
2016.09.23 04:15:07.255,1.04917,1.04938,1.00,1.00
2016.09.23 04:15:07.307,1.04917,1.04939,1.00,1.50
2016.09.23 04:15:07.358,1.04916,1.04939,1.00,1.50
2016.09.23 04:15:07.460,1.04915,1.04938,1.00,1.00
2016.09.23 04:15:07.511,1.04912,1.04936,2.25,1.00
2016.09.23 04:15:07.562,1.04912,1.04935,1.00,1.00
2016.09.23 04:15:07.816,1.04911,1.04935,1.12,1.00
2016.09.23 04:15:07.968,1.04913,1.04936,1.00,1.50
2016.09.23 04:15:08.070,1.04912,1.04934,1.00,1.00
2016.09.23 04:15:08.222,1.04911,1.04934,1.12,1.00
2016.09.23 04:15:08.273,1.04912,1.04936,1.00,1.00
2016.09.23 04:15:08.374,1.04912,1.04935,1.00,1.00
2016.09.23 04:15:08.425,1.04913,1.04935,1.00,1.50
2016.09.23 04:15:08.476,1.04912,1.04935,1.00,1.00
2016.09.23 04:15:08.628,1.0491,1.04935,2.25,1.00
2016.09.23 04:15:08.679,1.0491,1.04935,1.50,1.00
