2017.08.11 02:00:00.152,1.08116,1.08134,1.00,1.00
2017.08.11 02:00:00.204,1.08116,1.08131,1.00,1.00
2017.08.11 02:00:00.255,1.08114,1.08131,1.50,1.00
2017.08.11 02:00:00.358,1.08115,1.08133,1.00,1.00
2017.08.11 02:00:00.409,1.08115,1.08136,1.00,1.12
2017.08.11 02:00:00.562,1.08118,1.08136,1.00,1.12
2017.08.11 02:00:00.715,1.08118,1.08138,1.00,1.12
2017.08.11 02:00:01.203,1.08116,1.08138,1.00,1.50
2017.08.11 02:00:02.450,1.08117,1.08136,1.00,1.00
2017.08.11 02:00:02.501,1.08119,1.08136,1.00,1.00
2017.08.11 02:00:02.705,1.08112,1.08131,1.50,1.50
2017.08.11 02:00:02.912,1.08114,1.08135,1.00,1.75
2017.08.11 02:00:05.094,1.08114,1.08134,1.00,1.00
2017.08.11 02:00:05.246,1.08115,1.08136,1.00,1.50
2017.08.11 02:00:05.853,1.08114,1.08137,1.00,1.87
2017.08.11 02:00:06.770,1.08115,1.08136,1.00,1.00
2017.08.11 02:00:08.434,1.08115,1.08129,1.00,1.37
2017.08.11 02:00:08.586,1.08108,1.08127,1.00,1.50
2017.08.11 02:00:08.638,1.08107,1.08125,1.50,1.12
2017.08.11 02:00:08.943,1.08108,1.08125,1.50,1.37
2017.08.11 02:00:09.146,1.08106,1.08124,1.00,1.50
2017.08.11 02:00:09.691,1.08107,1.08122,1.00,1.12
2017.08.11 02:00:10.555,1.08108,1.08122,1.00,1.12
2017.08.11 02:00:10.759,1.0811,1.08125,1.00,2.25
2017.08.11 02:00:10.862,1.08107,1.08123,1.00,1.37
2017.08.11 02:00:10.964,1.08104,1.08121,1.00,1.87
2017.08.11 02:00:11.224,1.08104,1.08119,1.00,1.00
2017.08.11 02:00:11.390,1.08102,1.0812,1.00,1.00
2017.08.11 02:00:11.594,1.08104,1.08121,1.00,1.50
2017.08.11 02:00:12.255,1.08104,1.0812,1.00,1.00
2017.08.11 02:00:12.761,1.08104,1.08121,1.00,1.50
2017.08.11 02:00:13.066,1.08105,1.08123,1.00,1.00
2017.08.11 02:00:13.226,1.08107,1.08123,1.00,1.00
2017.08.11 02:00:13.735,1.08106,1.08124,1.50,1.00
2017.08.11 02:00:17.198,1.08108,1.08124,1.00,1.00
2017.08.11 02:00:17.682,1.08109,1.08128,1.00,3.00
2017.08.11 02:00:17.734,1.08109,1.08128,1.00,1.75
2017.08.11 02:00:17.786,1.08107,1.08126,1.00,1.50
2017.08.11 02:00:17.837,1.08105,1.08123,1.00,1.87
2017.08.11 02:00:17.991,1.08103,1.08124,1.50,3.00
2017.08.11 02:00:18.528,1.08104,1.08124,1.00,1.50
2017.08.11 02:00:19.094,1.08104,1.08123,1.00,1.50
2017.08.11 02:00:19.501,1.08106,1.08125,1.00,1.50
2017.08.11 02:00:19.912,1.08108,1.08126,1.00,1.12
2017.08.11 02:00:20.451,1.08108,1.08127,1.00,1.50
2017.08.11 02:00:20.756,1.08106,1.08126,1.50,1.00
2017.08.11 02:00:21.269,1.08107,1.08126,1.00,1.00
2017.08.11 02:00:21.741,1.08107,1.08124,1.00,1.00
2017.08.11 02:00:22.487,1.08106,1.08125,1.50,1.00
2017.08.11 02:00:23.010,1.08106,1.08124,1.50,1.00
2017.08.11 02:00:23.567,1.08106,1.08125,1.50,1.00
2017.08.11 02:00:25.120,1.08107,1.08126,1.00,1.00
2017.08.11 02:00:25.172,1.08104,1.08125,1.00,1.00
2017.08.11 02:00:25.224,1.08102,1.08121,1.00,1.00
2017.08.11 02:00:25.595,1.08101,1.08119,1.00,1.12
2017.08.11 02:00:25.697,1.08099,1.08118,1.50,1.00
2017.08.11 02:00:25.900,1.08093,1.08116,1.50,1.50
2017.08.11 02:00:26.053,1.0809,1.08114,1.00,1.50
2017.08.11 02:00:26.510,1.08092,1.08114,1.00,1.00
2017.08.11 02:00:27.935,1.08093,1.08114,1.00,1.00
2017.08.11 02:00:29.054,1.08092,1.08114,1.50,1.50
2017.08.11 02:00:30.727,1.08093,1.08114,1.00,1.00
2017.08.11 02:00:31.245,1.08092,1.08114,1.50,1.00
2017.08.11 02:00:33.045,1.08093,1.08112,1.00,1.37
2017.08.11 02:00:33.096,1.08091,1.08112,1.50,1.00
2017.08.11 02:00:33.600,1.08092,1.08112,1.00,1.00
2017.08.11 02:00:33.753,1.08094,1.08113,1.00,1.00
2017.08.11 02:00:33.957,1.08093,1.08116,1.50,1.00
2017.08.11 02:00:34.059,1.08095,1.08118,1.00,1.50
2017.08.11 02:00:34.643,1.08096,1.08119,1.00,1.50
2017.08.11 02:00:34.694,1.08094,1.08118,2.25,1.00
2017.08.11 02:00:34.948,1.08092,1.08117,3.37,1.00
2017.08.11 02:00:35.412,1.08094,1.08117,1.00,1.00
2017.08.11 02:00:35.959,1.08097,1.08118,1.00,1.00
2017.08.11 02:00:36.490,1.08098,1.08119,1.00,1.50
2017.08.11 02:00:37.150,1.08097,1.08119,1.00,1.00
2017.08.11 02:00:37.667,1.08098,1.08119,1.00,1.50
2017.08.11 02:00:40.714,1.08099,1.0812,1.00,1.00
2017.08.11 02:00:41.247,1.08099,1.08121,1.50,1.00
2017.08.11 02:00:42.648,1.08097,1.08116,1.00,1.00
2017.08.11 02:00:42.781,1.08095,1.08116,1.00,1.00
2017.08.11 02:00:42.832,1.08093,1.08116,1.50,1.00
2017.08.11 02:00:43.036,1.08097,1.08117,1.00,1.37
2017.08.11 02:00:43.088,1.08096,1.08118,1.50,1.12
2017.08.11 02:00:43.495,1.08098,1.08121,1.00,1.50
2017.08.11 02:00:43.598,1.08102,1.08122,1.00,1.12
2017.08.11 02:00:44.107,1.08103,1.08124,1.00,1.37
2017.08.11 02:00:44.765,1.08102,1.08124,1.00,1.37
2017.08.11 02:00:47.778,1.08099,1.08122,1.50,1.12
2017.08.11 02:00:49.173,1.08101,1.08124,1.00,1.37
2017.08.11 02:00:49.276,1.08103,1.08125,1.00,1.00
2017.08.11 02:00:49.327,1.08106,1.08127,1.00,1.00
2017.08.11 02:00:49.378,1.08107,1.08129,1.12,1.00
2017.08.11 02:00:49.430,1.0811,1.08131,1.00,1.00
2017.08.11 02:00:49.481,1.08106,1.08129,2.44,1.00
2017.08.11 02:00:49.634,1.08107,1.08131,1.00,1.00
2017.08.11 02:00:49.897,1.08108,1.08133,1.12,1.50
2017.08.11 02:00:49.948,1.08112,1.08133,1.00,1.00
2017.08.11 02:00:50.101,1.08112,1.08138,2.81,1.00
2017.08.11 02:00:50.153,1.08113,1.08137,1.50,1.00
2017.08.11 02:00:51.089,1.08114,1.08136,1.00,1.00
2017.08.11 02:00:51.191,1.08112,1.08135,1.12,1.00
2017.08.11 02:00:51.720,1.08113,1.08135,1.00,1.00
2017.08.11 02:00:52.238,1.08113,1.08136,1.00,1.00
2017.08.11 02:00:52.665,1.08119,1.08137,1.00,1.00
2017.08.11 02:00:52.717,1.0812,1.08142,1.00,1.00
2017.08.11 02:00:52.769,1.0812,1.08144,1.00,1.12
2017.08.11 02:00:53.063,1.0812,1.08141,1.00,1.00
2017.08.11 02:00:53.266,1.0812,1.08144,1.00,2.62
2017.08.11 02:00:53.520,1.0812,1.0814,1.00,1.00
2017.08.11 02:00:54.293,1.0812,1.08144,1.00,2.62
2017.08.11 02:00:54.704,1.0812,1.08139,1.00,1.00
2017.08.11 02:00:55.255,1.0812,1.0814,1.00,1.00
2017.08.11 02:00:55.775,1.0812,1.08139,1.00,1.00
2017.08.11 02:00:56.724,1.0812,1.0814,1.00,1.00
2017.08.11 02:00:57.528,1.08119,1.08138,1.00,1.00
2017.08.11 02:00:58.270,1.08119,1.08139,1.00,1.00
2017.08.11 02:00:58.422,1.08119,1.08143,1.00,2.25
2017.08.11 02:00:58.473,1.08119,1.08143,1.00,2.25
2017.08.11 02:00:58.526,1.08121,1.08145,1.00,2.25
2017.08.11 02:00:58.831,1.08121,1.08143,1.00,1.00
2017.08.11 02:00:58.984,1.08121,1.08145,1.00,2.25
2017.08.11 02:00:59.413,1.08121,1.08143,1.00,1.00
2017.08.11 02:00:59.566,1.08121,1.08145,1.00,1.50
2017.08.11 02:00:59.665,1.08121,1.08142,1.00,1.00
2017.08.11 02:00:59.767,1.08121,1.08145,1.00,1.50
2017.08.11 02:00:59.965,1.08121,1.08143,1.00,1.00
2017.08.11 02:01:00.168,1.08121,1.08145,1.00,1.00
2017.08.11 02:01:00.461,1.08121,1.08143,1.00,1.00
2017.08.11 02:01:00.553,1.08121,1.08145,1.00,1.00
2017.08.11 02:01:00.705,1.08121,1.08142,1.00,1.00
2017.08.11 02:01:00.879,1.08121,1.08145,1.00,1.00
2017.08.11 02:01:00.930,1.08123,1.08146,1.00,1.00
2017.08.11 02:01:01.468,1.08123,1.08145,1.00,1.00
2017.08.11 02:01:03.077,1.08124,1.08147,1.00,1.00
2017.08.11 02:01:03.281,1.08122,1.08147,1.00,2.25
2017.08.11 02:01:03.332,1.08122,1.08144,1.00,1.12
2017.08.11 02:01:03.637,1.08125,1.08146,1.00,1.00
2017.08.11 02:01:03.739,1.08125,1.08148,1.00,1.50
2017.08.11 02:01:04.232,1.08127,1.08151,1.00,1.12
2017.08.11 02:01:04.283,1.08129,1.08152,1.50,2.25
2017.08.11 02:01:04.537,1.0813,1.08153,1.00,1.00
2017.08.11 02:01:05.097,1.08129,1.08152,1.00,1.00
2017.08.11 02:01:05.658,1.08129,1.08151,1.00,1.50
2017.08.11 02:01:05.760,1.08129,1.08149,1.00,1.00
2017.08.11 02:01:05.964,1.08126,1.08149,1.00,1.00
2017.08.11 02:01:06.167,1.08126,1.08147,1.00,1.00
2017.08.11 02:01:06.346,1.08126,1.08149,1.00,1.00
2017.08.11 02:01:06.397,1.08126,1.08147,1.00,1.00
2017.08.11 02:01:06.500,1.08126,1.08149,1.00,1.00
2017.08.11 02:01:06.808,1.08124,1.08145,1.00,1.00
2017.08.11 02:01:07.062,1.0812,1.08143,1.00,1.00
2017.08.11 02:01:07.311,1.08118,1.08142,2.25,1.00
2017.08.11 02:01:07.814,1.0812,1.08143,1.00,1.00
2017.08.11 02:01:08.341,1.0812,1.08142,1.00,1.00
2017.08.11 02:01:08.857,1.0812,1.08143,1.00,1.00
2017.08.11 02:01:09.577,1.0812,1.08142,1.00,1.00
2017.08.11 02:01:09.628,1.0812,1.08144,1.00,1.12
2017.08.11 02:01:09.781,1.0812,1.08142,1.00,1.00
2017.08.11 02:01:09.832,1.08121,1.08144,1.00,1.87
2017.08.11 02:01:10.291,1.0812,1.08139,1.00,1.00
2017.08.11 02:01:10.424,1.08118,1.0814,1.00,1.00
2017.08.11 02:01:10.477,1.08115,1.08135,1.00,1.00
2017.08.11 02:01:10.630,1.08115,1.08138,1.50,1.00
2017.08.11 02:01:10.733,1.08117,1.08138,1.00,1.00
2017.08.11 02:01:10.784,1.08115,1.0814,1.50,1.12
2017.08.11 02:01:11.140,1.08116,1.08138,1.50,1.00
2017.08.11 02:01:11.299,1.08116,1.08141,1.50,1.12
2017.08.11 02:01:11.507,1.08118,1.08141,1.00,1.12
2017.08.11 02:01:12.034,1.08118,1.0814,1.00,1.00
2017.08.11 02:01:12.677,1.08118,1.08139,1.00,1.00
2017.08.11 02:01:13.120,1.08117,1.08141,1.37,1.12
2017.08.11 02:01:13.171,1.08117,1.08139,1.00,1.00
2017.08.11 02:01:13.477,1.08113,1.08134,1.00,1.00
2017.08.11 02:01:13.834,1.08111,1.08134,1.50,1.00
2017.08.11 02:01:14.503,1.08112,1.08136,1.00,1.00
2017.08.11 02:01:15.014,1.08113,1.08137,1.00,1.50
2017.08.11 02:01:15.065,1.08111,1.08136,1.12,1.00
2017.08.11 02:01:15.221,1.08113,1.08137,1.00,1.00
2017.08.11 02:01:15.526,1.0811,1.08133,1.50,1.00
2017.08.11 02:01:15.828,1.08109,1.08129,1.00,1.00
2017.08.11 02:01:16.365,1.08108,1.08129,1.00,1.00
2017.08.11 02:01:16.717,1.08108,1.08131,1.87,1.00
2017.08.11 02:01:17.249,1.08108,1.08131,1.50,1.50
2017.08.11 02:01:18.064,1.08109,1.08131,1.00,1.00
2017.08.11 02:01:19.500,1.08109,1.08129,1.00,1.00
2017.08.11 02:01:20.277,1.08108,1.08129,1.00,1.00
2017.08.11 02:01:20.698,1.0811,1.08131,1.00,1.00
2017.08.11 02:01:21.217,1.08111,1.08131,1.00,1.00
2017.08.11 02:01:21.473,1.08111,1.08134,1.00,1.87
2017.08.11 02:01:21.994,1.08111,1.08131,1.00,1.00
2017.08.11 02:01:22.096,1.08108,1.08131,1.00,1.37
2017.08.11 02:01:22.147,1.08108,1.08133,1.00,1.00
2017.08.11 02:01:22.301,1.08106,1.08129,1.00,1.00
2017.08.11 02:01:22.809,1.08113,1.08129,1.00,1.00
2017.08.11 02:01:23.340,1.08113,1.08132,1.00,1.00
2017.08.11 02:01:23.723,1.08115,1.08134,1.00,1.00
2017.08.11 02:01:23.825,1.08117,1.08137,1.00,1.00
2017.08.11 02:01:23.876,1.08117,1.08135,1.00,1.00
2017.08.11 02:01:23.927,1.08117,1.08137,1.00,1.00
2017.08.11 02:01:23.978,1.08117,1.08135,1.00,1.00
2017.08.11 02:01:24.030,1.08117,1.08137,1.00,1.00
2017.08.11 02:01:24.133,1.08117,1.08134,1.00,1.00
2017.08.11 02:01:24.488,1.08114,1.08135,1.00,1.50
2017.08.11 02:01:24.539,1.08114,1.08131,1.00,1.00
2017.08.11 02:01:24.590,1.08115,1.08133,1.00,1.12
2017.08.11 02:01:24.743,1.08113,1.08131,1.00,1.00
2017.08.11 02:01:25.049,1.08113,1.08129,1.00,1.00
2017.08.11 02:01:25.208,1.08113,1.08134,1.00,1.50
2017.08.11 02:01:25.310,1.08116,1.08137,1.00,2.25
2017.08.11 02:01:25.412,1.08117,1.08137,1.00,1.00
2017.08.11 02:01:25.464,1.08118,1.08133,1.00,1.00
2017.08.11 02:01:25.515,1.08119,1.08137,1.00,1.00
2017.08.11 02:01:25.720,1.08119,1.08135,1.00,1.00
2017.08.11 02:01:25.822,1.08119,1.08138,1.00,1.00
2017.08.11 02:01:26.381,1.0812,1.0814,1.00,4.50
2017.08.11 02:01:26.504,1.0812,1.08136,1.00,1.00
2017.08.11 02:01:26.915,1.0812,1.0814,1.00,2.25
2017.08.11 02:01:27.539,1.0812,1.08136,1.00,1.00
2017.08.11 02:01:27.692,1.0812,1.0814,1.00,1.50
2017.08.11 02:01:29.723,1.0812,1.08135,1.00,1.00
2017.08.11 02:01:30.246,1.08118,1.08133,1.00,1.00
2017.08.11 02:01:30.361,1.08116,1.08132,1.00,1.00
2017.08.11 02:01:30.465,1.08114,1.08134,1.00,1.00
2017.08.11 02:01:30.569,1.08112,1.08133,1.00,1.50
2017.08.11 02:01:31.107,1.08114,1.08134,1.00,1.00
2017.08.11 02:01:31.412,1.0811,1.08126,1.00,1.50
2017.08.11 02:01:31.514,1.08109,1.08128,1.00,1.00
2017.08.11 02:01:31.817,1.08108,1.08125,1.00,1.00
2017.08.11 02:01:31.868,1.08108,1.0813,1.00,1.50
2017.08.11 02:01:32.274,1.08108,1.08127,1.00,1.00
2017.08.11 02:01:32.477,1.08108,1.0813,1.00,3.00
2017.08.11 02:01:32.681,1.08108,1.08126,1.00,1.00
2017.08.11 02:01:32.790,1.08108,1.0813,1.00,1.50
2017.08.11 02:01:32.841,1.0811,1.0813,1.00,2.25
2017.08.11 02:01:33.663,1.0811,1.08127,1.00,1.00
2017.08.11 02:01:34.298,1.0811,1.0813,1.00,1.37
2017.08.11 02:01:34.502,1.08112,1.0813,1.00,1.37
2017.08.11 02:01:35.017,1.08113,1.0813,1.00,1.00
2017.08.11 02:01:35.324,1.08111,1.08131,1.00,1.12
2017.08.11 02:01:35.831,1.08112,1.0813,1.00,1.00
2017.08.11 02:01:36.333,1.08112,1.08131,1.00,1.87
2017.08.11 02:01:36.903,1.08113,1.08134,1.00,1.87
2017.08.11 02:01:36.955,1.08115,1.08134,1.00,1.50
2017.08.11 02:01:37.160,1.08115,1.08134,1.00,1.00
2017.08.11 02:01:37.414,1.08115,1.08133,1.00,1.50
2017.08.11 02:01:37.566,1.08111,1.0813,1.00,1.00
2017.08.11 02:01:37.618,1.08111,1.08127,1.00,1.00
2017.08.11 02:01:38.135,1.08111,1.08126,1.00,1.00
2017.08.11 02:01:38.370,1.08107,1.08126,1.00,1.00
2017.08.11 02:01:38.421,1.08106,1.08123,1.00,1.00
2017.08.11 02:01:38.956,1.08105,1.08123,1.00,1.00
2017.08.11 02:01:39.515,1.08105,1.08124,1.00,1.00
2017.08.11 02:01:40.018,1.08105,1.08123,1.00,1.00
2017.08.11 02:01:40.538,1.08104,1.08123,1.00,1.00
2017.08.11 02:01:41.044,1.08104,1.08124,1.00,1.00
2017.08.11 02:01:41.456,1.08106,1.08123,1.00,1.00
2017.08.11 02:01:41.508,1.08106,1.08126,1.00,1.50
2017.08.11 02:01:41.711,1.08108,1.08128,1.00,2.25
2017.08.11 02:01:41.915,1.0811,1.0813,1.00,1.00
2017.08.11 02:01:42.118,1.08112,1.0813,1.00,1.50
2017.08.11 02:01:42.630,1.08111,1.08129,1.00,1.00
2017.08.11 02:01:43.145,1.08111,1.0813,1.00,1.50
2017.08.11 02:01:43.674,1.08112,1.0813,1.00,1.50
2017.08.11 02:01:44.646,1.08112,1.08129,1.00,1.00
2017.08.11 02:01:45.336,1.08112,1.0813,1.00,1.50
2017.08.11 02:01:45.868,1.08112,1.08129,1.00,1.00
2017.08.11 02:01:46.378,1.08112,1.0813,1.00,1.87
2017.08.11 02:01:51.614,1.0811,1.0813,1.00,1.00
2017.08.11 02:01:58.281,1.0811,1.0813,1.00,1.07
2017.08.11 02:01:59.367,1.08109,1.08129,1.00,1.20
2017.08.11 02:01:59.884,1.08109,1.08127,1.00,1.07
2017.08.11 02:02:00.934,1.0811,1.08129,1.00,1.82
2017.08.11 02:02:01.467,1.08109,1.08126,1.00,1.10
2017.08.11 02:02:01.982,1.0811,1.08129,1.00,1.20
2017.08.11 02:02:02.850,1.08111,1.0813,1.00,1.07
2017.08.11 02:02:03.357,1.0811,1.08129,1.00,1.07
2017.08.11 02:02:03.796,1.08112,1.08128,1.00,1.07
2017.08.11 02:02:04.670,1.08111,1.08128,1.00,1.07
2017.08.11 02:02:04.772,1.08109,1.08128,1.00,1.07
2017.08.11 02:02:06.278,1.0811,1.08128,1.00,1.07
2017.08.11 02:02:09.459,1.0811,1.0813,1.00,1.20
2017.08.11 02:02:09.662,1.08108,1.08132,1.00,3.07
2017.08.11 02:02:09.764,1.08103,1.08119,1.00,1.00
2017.08.11 02:02:10.363,1.08102,1.0812,1.50,1.00
2017.08.11 02:02:11.092,1.08102,1.0812,2.25,1.00
2017.08.11 02:02:11.733,1.08103,1.0812,1.00,1.00
2017.08.11 02:02:13.987,1.08104,1.08121,1.00,1.00
2017.08.11 02:02:14.496,1.08105,1.08121,1.00,1.00
2017.08.11 02:02:15.015,1.08104,1.0812,1.00,1.00
2017.08.11 02:02:15.518,1.08104,1.08121,1.00,1.00
2017.08.11 02:02:15.838,1.08104,1.08119,1.00,1.00
2017.08.11 02:02:16.417,1.08102,1.08119,1.37,1.00
2017.08.11 02:02:16.949,1.08103,1.0812,1.00,1.00
2017.08.11 02:02:23.943,1.08104,1.0812,1.00,1.00
2017.08.11 02:02:24.748,1.08103,1.08119,1.00,1.00
2017.08.11 02:02:25.254,1.08101,1.08119,1.87,1.00
2017.08.11 02:02:26.714,1.08101,1.08119,1.50,1.00
2017.08.11 02:02:27.225,1.08102,1.08119,1.12,1.00
2017.08.11 02:02:27.834,1.08102,1.0812,1.87,1.00
2017.08.11 02:02:28.554,1.08102,1.0812,1.87,1.00
2017.08.11 02:02:29.927,1.08103,1.08121,1.50,1.00
2017.08.11 02:02:30.233,1.08105,1.08121,1.00,1.00
2017.08.11 02:02:30.764,1.08106,1.08121,1.00,1.00
2017.08.11 02:02:31.608,1.08105,1.08122,1.00,1.00
2017.08.11 02:02:31.912,1.08108,1.08122,1.00,1.00
2017.08.11 02:02:33.479,1.08107,1.08122,1.00,1.00
2017.08.11 02:02:33.582,1.08105,1.08122,1.00,1.00
2017.08.11 02:02:34.104,1.08106,1.08121,1.00,1.00
2017.08.11 02:02:34.627,1.08107,1.08122,1.00,1.00
2017.08.11 02:02:41.946,1.08105,1.08122,1.00,1.00
2017.08.11 02:02:42.477,1.08104,1.08121,1.00,1.00
2017.08.11 02:02:43.896,1.08105,1.08121,1.00,1.00
2017.08.11 02:02:51.199,1.08104,1.08119,1.00,1.00
2017.08.11 02:02:51.714,1.08103,1.08119,1.50,1.00
2017.08.11 02:02:58.131,1.08104,1.0812,1.00,1.00
2017.08.11 02:02:58.182,1.08102,1.0812,1.00,1.00
2017.08.11 02:02:58.233,1.08102,1.0812,1.37,1.00
2017.08.11 02:02:58.436,1.08104,1.08123,1.37,1.00
2017.08.11 02:02:59.886,1.08105,1.08123,1.12,1.00
2017.08.11 02:03:00.074,1.08103,1.08121,2.25,1.00
2017.08.11 02:03:00.584,1.08105,1.08122,1.00,1.00
2017.08.11 02:03:02.857,1.08103,1.08121,1.50,1.00
2017.08.11 02:03:03.264,1.08102,1.08123,1.87,1.00
2017.08.11 02:03:03.621,1.081,1.08119,1.37,1.00
2017.08.11 02:03:07.528,1.081,1.0812,1.75,1.00
2017.08.11 02:03:08.105,1.08101,1.0812,1.37,1.00
2017.08.11 02:03:08.156,1.08099,1.08118,1.50,1.00
2017.08.11 02:03:08.503,1.08107,1.08124,1.50,1.00
2017.08.11 02:03:08.554,1.08107,1.08126,1.50,1.00
2017.08.11 02:03:09.011,1.08109,1.08129,1.00,1.00
2017.08.11 02:03:09.214,1.0811,1.08127,1.00,1.00
2017.08.11 02:03:09.316,1.08108,1.08127,1.87,1.00
2017.08.11 02:03:09.896,1.0811,1.08127,1.00,1.00
2017.08.11 02:03:11.217,1.08111,1.08127,1.00,1.00
2017.08.11 02:03:11.837,1.0811,1.08128,1.87,1.00
2017.08.11 02:03:12.208,1.08107,1.08129,1.37,1.00
2017.08.11 02:03:12.716,1.08108,1.08129,2.25,1.00
2017.08.11 02:03:13.378,1.08108,1.08129,1.87,1.00
2017.08.11 02:03:13.887,1.08109,1.08129,1.00,1.00
2017.08.11 02:03:14.422,1.08108,1.08129,1.87,1.00
2017.08.11 02:03:14.524,1.0811,1.08128,1.00,1.00
2017.08.11 02:03:15.054,1.08109,1.08128,1.00,1.00
2017.08.11 02:03:15.564,1.0811,1.08129,1.00,1.00
2017.08.11 02:03:16.365,1.08109,1.08129,1.00,1.00
2017.08.11 02:03:16.518,1.08107,1.08128,1.50,1.00
2017.08.11 02:03:17.044,1.08108,1.08128,1.00,1.00
2017.08.11 02:03:17.197,1.08108,1.08126,1.00,1.00
2017.08.11 02:03:17.501,1.08108,1.08128,1.50,1.00
2017.08.11 02:03:17.997,1.0811,1.08128,1.00,1.00
2017.08.11 02:03:23.845,1.08109,1.08127,1.00,1.00
2017.08.11 02:03:24.151,1.08099,1.0812,1.50,1.00
2017.08.11 02:03:24.203,1.08098,1.08118,1.50,1.00
2017.08.11 02:03:24.778,1.08099,1.08118,1.00,1.00
2017.08.11 02:03:25.765,1.081,1.08118,1.00,1.00
2017.08.11 02:03:26.306,1.08101,1.08118,1.00,1.00
2017.08.11 02:03:32.406,1.08102,1.08118,1.00,1.00
2017.08.11 02:03:32.836,1.081,1.08119,1.50,1.00
2017.08.11 02:03:32.938,1.08102,1.08119,1.00,1.00
2017.08.11 02:03:33.484,1.08101,1.08119,1.00,1.00
2017.08.11 02:03:34.527,1.08101,1.08117,1.00,1.00
2017.08.11 02:03:35.457,1.08102,1.08117,1.00,1.00
2017.08.11 02:03:35.999,1.08101,1.08117,1.00,1.00
2017.08.11 02:03:36.513,1.081,1.08117,1.00,1.00
2017.08.11 02:03:38.623,1.08101,1.08119,1.00,1.00
2017.08.11 02:03:39.185,1.08101,1.08116,1.00,1.00
2017.08.11 02:03:39.704,1.081,1.08116,1.00,1.00
2017.08.11 02:03:41.293,1.081,1.08116,1.37,1.00
2017.08.11 02:03:41.497,1.08102,1.08119,1.00,1.00
2017.08.11 02:03:41.700,1.08104,1.08118,1.00,1.00
2017.08.11 02:03:42.198,1.08102,1.08119,1.00,1.00
2017.08.11 02:03:42.351,1.08101,1.08117,1.00,1.00
2017.08.11 02:03:42.906,1.081,1.08117,1.00,1.00
2017.08.11 02:03:47.975,1.08101,1.08117,1.00,1.00
2017.08.11 02:03:53.147,1.081,1.08117,1.00,1.00
2017.08.11 02:03:53.696,1.08099,1.08116,1.37,1.00
2017.08.11 02:03:53.748,1.08097,1.08114,1.00,1.00
2017.08.11 02:03:53.799,1.08098,1.08114,1.37,1.00
2017.08.11 02:03:53.850,1.08098,1.08114,1.12,1.00
2017.08.11 02:03:54.053,1.08098,1.08113,1.37,1.00
2017.08.11 02:03:55.048,1.08098,1.08115,1.75,1.00
2017.08.11 02:03:55.302,1.081,1.08117,1.87,1.00
2017.08.11 02:03:55.556,1.08102,1.0812,1.75,1.00
2017.08.11 02:03:59.331,1.08101,1.08118,1.12,1.00
2017.08.11 02:03:59.840,1.08101,1.08119,1.12,1.00
2017.08.11 02:04:07.624,1.081,1.08119,1.50,1.00
2017.08.11 02:04:09.704,1.081,1.08118,1.50,1.00
2017.08.11 02:04:14.306,1.08101,1.08118,1.00,1.00
2017.08.11 02:04:14.825,1.081,1.08117,1.50,1.00
2017.08.11 02:04:15.344,1.081,1.08118,1.50,1.00
2017.08.11 02:04:16.178,1.08101,1.08118,1.00,1.00
2017.08.11 02:04:16.331,1.081,1.08116,1.00,1.00
2017.08.11 02:04:16.483,1.08098,1.08116,1.87,1.00
2017.08.11 02:04:17.015,1.08099,1.08116,1.00,1.00
2017.08.11 02:04:17.536,1.081,1.08116,1.12,1.00
2017.08.11 02:04:20.068,1.08099,1.08116,1.00,1.00
2017.08.11 02:04:20.987,1.08101,1.08116,1.00,1.00
2017.08.11 02:04:24.355,1.08101,1.08117,1.00,1.00
2017.08.11 02:04:24.774,1.08103,1.08118,1.00,1.00
2017.08.11 02:04:26.050,1.08102,1.0812,1.50,1.00
2017.08.11 02:04:26.254,1.08101,1.08118,1.00,1.00
2017.08.11 02:04:26.457,1.08099,1.08118,1.50,1.00
2017.08.11 02:04:28.443,1.08099,1.08117,1.50,1.00
2017.08.11 02:04:28.596,1.08097,1.08116,1.00,1.00
2017.08.11 02:04:29.139,1.08096,1.08115,1.50,1.00
2017.08.11 02:04:29.689,1.08097,1.08115,1.00,1.00
2017.08.11 02:04:30.204,1.08098,1.08115,1.50,1.00
2017.08.11 02:04:31.035,1.08098,1.08114,1.50,1.00
2017.08.11 02:04:31.771,1.08097,1.08114,1.00,1.00
2017.08.11 02:04:32.026,1.08095,1.08113,1.00,1.00
2017.08.11 02:04:32.577,1.08096,1.08112,1.00,1.00
2017.08.11 02:04:32.831,1.08095,1.0811,1.00,1.00
2017.08.11 02:04:32.933,1.08093,1.0811,1.50,1.00
2017.08.11 02:04:40.414,1.08094,1.0811,1.00,1.00
2017.08.11 02:04:40.802,1.08096,1.0811,1.00,1.00
2017.08.11 02:04:41.424,1.08095,1.0811,1.50,1.00
2017.08.11 02:04:43.326,1.08095,1.08114,1.00,1.00
2017.08.11 02:04:45.146,1.08096,1.08114,1.00,1.00
2017.08.11 02:04:51.077,1.08096,1.0811,1.00,1.00
2017.08.11 02:04:51.128,1.08093,1.08114,1.50,2.25
2017.08.11 02:04:51.179,1.08089,1.08108,1.00,1.00
2017.08.11 02:04:51.230,1.08087,1.08108,1.12,1.00
2017.08.11 02:04:51.281,1.08087,1.08108,2.25,1.00
2017.08.11 02:04:51.589,1.08091,1.08109,1.00,1.00
2017.08.11 02:04:51.804,1.08092,1.08111,1.00,1.50
2017.08.11 02:04:52.360,1.08094,1.08111,1.00,1.00
2017.08.11 02:04:52.893,1.08094,1.08112,1.00,1.50
2017.08.11 02:04:54.135,1.08093,1.08112,1.50,1.00
2017.08.11 02:04:54.440,1.08095,1.08113,1.00,1.00
2017.08.11 02:04:55.397,1.08095,1.08111,1.00,1.00
2017.08.11 02:04:57.448,1.08094,1.08111,1.00,1.00
2017.08.11 02:05:01.516,1.08091,1.08107,1.00,1.00
2017.08.11 02:05:01.618,1.0809,1.08109,1.50,1.12
2017.08.11 02:05:01.784,1.08088,1.08106,1.00,1.00
2017.08.11 02:05:01.835,1.08088,1.08108,1.12,1.12
2017.08.11 02:05:01.990,1.0809,1.08108,1.00,1.12
2017.08.11 02:05:02.041,1.08089,1.0811,1.00,1.00
2017.08.11 02:05:02.144,1.08091,1.0811,1.00,1.00
2017.08.11 02:05:02.683,1.08092,1.08111,1.00,1.50
2017.08.11 02:05:03.325,1.08091,1.08111,1.00,1.00
2017.08.11 02:05:03.832,1.08092,1.08111,1.00,1.00
2017.08.11 02:05:05.813,1.08092,1.0811,1.00,1.00
2017.08.11 02:05:10.286,1.08092,1.08109,1.00,1.00
2017.08.11 02:05:10.843,1.08092,1.0811,1.00,1.00
2017.08.11 02:05:11.808,1.08092,1.08109,1.00,1.00
2017.08.11 02:05:11.960,1.08088,1.08106,1.50,1.00
2017.08.11 02:05:12.011,1.08089,1.08104,1.00,1.00
2017.08.11 02:05:12.113,1.08086,1.08103,1.00,1.00
2017.08.11 02:05:15.534,1.08085,1.08102,1.00,1.00
2017.08.11 02:05:16.066,1.08085,1.08101,1.00,1.00
2017.08.11 02:05:16.576,1.08086,1.08101,1.50,1.00
2017.08.11 02:05:18.189,1.08087,1.08101,1.00,1.00
2017.08.11 02:05:18.734,1.08086,1.08101,1.00,1.00
2017.08.11 02:05:19.395,1.08086,1.081,1.00,1.00
2017.08.11 02:05:20.316,1.08087,1.081,1.00,1.00
2017.08.11 02:05:21.056,1.08086,1.081,1.00,1.00
2017.08.11 02:05:21.558,1.08085,1.081,1.50,1.00
2017.08.11 02:05:22.086,1.08086,1.081,1.00,1.00
2017.08.11 02:05:22.262,1.08087,1.08102,1.00,1.00
2017.08.11 02:05:22.771,1.08088,1.08102,1.00,1.00
2017.08.11 02:05:23.678,1.08087,1.08102,1.50,1.00
2017.08.11 02:05:24.275,1.08087,1.08103,1.50,1.00
2017.08.11 02:05:24.529,1.08086,1.08105,1.50,1.00
2017.08.11 02:05:25.058,1.08086,1.08104,1.50,1.00
2017.08.11 02:05:25.591,1.08085,1.08103,1.50,1.00
2017.08.11 02:05:25.906,1.08086,1.08101,1.00,1.00
2017.08.11 02:05:27.975,1.08085,1.08102,1.00,1.00
2017.08.11 02:05:28.077,1.08083,1.08101,1.50,1.00
2017.08.11 02:05:28.689,1.08084,1.08101,1.00,1.00
2017.08.11 02:05:30.442,1.08082,1.08097,1.00,1.00
2017.08.11 02:05:30.595,1.08078,1.08096,1.00,1.00
2017.08.11 02:05:30.697,1.08078,1.08094,1.00,1.00
2017.08.11 02:05:30.799,1.08077,1.08098,1.00,1.50
2017.08.11 02:05:30.851,1.08076,1.08095,1.50,1.00
2017.08.11 02:05:31.156,1.08078,1.08097,1.00,1.00
2017.08.11 02:05:31.539,1.08078,1.08099,2.25,1.00
2017.08.11 02:05:32.046,1.08079,1.08099,1.00,1.00
2017.08.11 02:05:32.651,1.08078,1.08099,1.50,1.00
2017.08.11 02:05:33.188,1.08079,1.081,1.00,1.50
2017.08.11 02:05:33.697,1.08081,1.081,1.00,1.00
2017.08.11 02:05:34.204,1.0808,1.081,1.00,1.00
2017.08.11 02:05:34.762,1.08079,1.081,1.00,1.00
2017.08.11 02:05:35.101,1.08082,1.08101,1.00,1.00
2017.08.11 02:05:35.465,1.08075,1.08096,1.50,1.00
2017.08.11 02:05:35.517,1.08075,1.08093,1.00,1.00
2017.08.11 02:05:35.568,1.0807,1.0809,1.00,1.00
2017.08.11 02:05:35.670,1.08069,1.08085,1.00,1.00
2017.08.11 02:05:35.721,1.08066,1.08085,1.00,1.50
2017.08.11 02:05:36.027,1.08068,1.08084,1.00,1.00
2017.08.11 02:05:36.181,1.08069,1.08087,1.12,2.25
2017.08.11 02:05:36.233,1.0807,1.08088,1.12,1.50
2017.08.11 02:05:36.491,1.08068,1.08086,1.00,1.00
2017.08.11 02:05:37.052,1.08067,1.08086,1.00,1.00
2017.08.11 02:05:37.399,1.08069,1.08086,1.00,1.00
2017.08.11 02:05:37.724,1.08069,1.08084,1.00,1.00
2017.08.11 02:05:37.775,1.0807,1.08086,1.00,1.00
2017.08.11 02:05:38.312,1.08071,1.08087,1.00,1.00
2017.08.11 02:05:42.466,1.08071,1.08086,1.00,1.00
2017.08.11 02:05:43.914,1.08072,1.08086,1.00,1.00
2017.08.11 02:05:44.473,1.08071,1.08086,1.50,1.00
2017.08.11 02:05:45.133,1.0807,1.08085,1.00,1.00
2017.08.11 02:05:47.886,1.0807,1.08087,1.00,1.00
2017.08.11 02:05:48.039,1.0807,1.08085,1.00,1.00
2017.08.11 02:05:48.513,1.0807,1.08087,1.00,1.00
2017.08.11 02:05:49.034,1.0807,1.08085,1.00,1.00
2017.08.11 02:05:57.098,1.08071,1.08086,1.50,1.00
2017.08.11 02:05:57.607,1.0807,1.08086,1.00,1.00
2017.08.11 02:05:59.895,1.0807,1.08085,1.00,1.00
2017.08.11 02:06:01.574,1.08071,1.08086,1.00,1.00
2017.08.11 02:06:02.467,1.0807,1.08086,1.00,1.00
2017.08.11 02:06:02.568,1.08068,1.08086,1.00,1.00
2017.08.11 02:06:04.214,1.08069,1.08086,1.00,1.00
2017.08.11 02:06:05.544,1.0807,1.08086,1.00,1.00
2017.08.11 02:06:05.797,1.08072,1.08087,1.00,1.00
2017.08.11 02:06:06.373,1.08073,1.08087,1.00,1.00
2017.08.11 02:06:07.535,1.08072,1.08088,1.00,1.00
2017.08.11 02:06:10.238,1.08073,1.08088,1.00,1.00
2017.08.11 02:06:10.760,1.08072,1.08088,1.00,1.00
2017.08.11 02:06:28.385,1.08069,1.08086,1.00,1.00
2017.08.11 02:06:28.793,1.08071,1.08087,1.00,1.00
2017.08.11 02:06:29.161,1.08073,1.08087,1.00,1.00
2017.08.11 02:06:29.669,1.08073,1.08088,1.50,1.00
2017.08.11 02:06:30.195,1.08074,1.08087,1.00,1.00
2017.08.11 02:06:30.437,1.08074,1.08089,1.00,1.00
2017.08.11 02:06:30.981,1.08075,1.08089,1.00,1.00
2017.08.11 02:06:31.035,1.08072,1.08085,1.00,1.00
2017.08.11 02:06:31.187,1.0807,1.08084,1.50,1.00
2017.08.11 02:06:31.390,1.08068,1.08083,1.50,1.00
2017.08.11 02:06:31.695,1.0807,1.08083,1.00,1.00
2017.08.11 02:06:31.848,1.08071,1.08085,1.00,1.00
2017.08.11 02:06:32.053,1.08074,1.08087,1.00,1.00
2017.08.11 02:06:32.475,1.08076,1.08089,1.00,1.00
2017.08.11 02:06:32.629,1.08074,1.0809,1.50,1.00
2017.08.11 02:06:32.934,1.08073,1.08087,1.50,1.00
2017.08.11 02:06:33.164,1.08074,1.08089,1.50,1.00
2017.08.11 02:06:33.532,1.08076,1.08088,1.00,1.00
2017.08.11 02:06:34.642,1.08075,1.08089,1.50,1.00
2017.08.11 02:06:35.264,1.08074,1.08088,1.00,1.00
2017.08.11 02:06:35.792,1.08074,1.08087,1.00,1.00
2017.08.11 02:06:36.327,1.08073,1.08087,1.00,1.00
2017.08.11 02:06:36.966,1.08073,1.08085,1.00,1.00
2017.08.11 02:06:38.523,1.08072,1.08086,1.50,1.00
2017.08.11 02:06:38.574,1.08073,1.08088,1.00,1.00
2017.08.11 02:06:42.542,1.08072,1.08088,1.50,1.00
2017.08.11 02:06:42.644,1.08071,1.08086,1.50,1.00
2017.08.11 02:06:43.168,1.08071,1.08085,1.00,1.00
2017.08.11 02:06:44.024,1.08072,1.08085,1.00,1.00
2017.08.11 02:06:44.228,1.08074,1.08088,1.00,1.00
2017.08.11 02:06:44.738,1.08074,1.08087,1.00,1.00
2017.08.11 02:06:45.272,1.08073,1.08088,1.00,1.00
2017.08.11 02:06:45.425,1.08071,1.08087,1.50,1.00
2017.08.11 02:06:45.971,1.0807,1.08087,1.00,1.00
2017.08.11 02:06:46.364,1.08072,1.08087,1.00,1.00
2017.08.11 02:06:46.685,1.08074,1.08087,1.00,1.00
2017.08.11 02:06:49.819,1.08073,1.08087,1.50,1.00
2017.08.11 02:06:50.332,1.08074,1.08087,1.00,1.00
2017.08.11 02:06:51.774,1.08073,1.08087,1.00,1.00
2017.08.11 02:06:52.292,1.08073,1.08086,1.00,1.00
2017.08.11 02:06:52.816,1.08073,1.08087,1.00,1.00
2017.08.11 02:06:57.662,1.08073,1.08088,1.00,1.00
2017.08.11 02:06:58.234,1.08073,1.08089,1.00,1.00
2017.08.11 02:07:00.116,1.08073,1.08088,1.00,1.00
2017.08.11 02:07:00.625,1.08072,1.08087,1.50,1.00
2017.08.11 02:07:02.283,1.08074,1.0809,1.00,1.00
2017.08.11 02:07:02.830,1.08073,1.08088,1.00,1.00
2017.08.11 02:07:03.377,1.08074,1.08087,1.00,1.00
2017.08.11 02:07:03.977,1.08073,1.08087,1.00,1.00
2017.08.11 02:07:04.506,1.08072,1.08087,1.00,1.00
2017.08.11 02:07:04.726,1.0807,1.08086,1.00,1.00
2017.08.11 02:07:05.244,1.08072,1.0809,1.00,1.00
2017.08.11 02:07:05.295,1.08073,1.08092,1.50,1.00
2017.08.11 02:07:05.347,1.08076,1.08092,1.12,1.00
2017.08.11 02:07:05.450,1.08074,1.08091,1.50,1.00
2017.08.11 02:07:05.603,1.08074,1.08089,1.50,1.00
2017.08.11 02:07:06.148,1.08075,1.0809,1.00,1.00
2017.08.11 02:07:06.895,1.08072,1.0809,1.00,1.00
2017.08.11 02:07:06.947,1.08071,1.08088,1.87,1.00
2017.08.11 02:07:07.250,1.08073,1.08088,1.00,1.00
2017.08.11 02:07:08.295,1.08072,1.08088,1.50,1.00
2017.08.11 02:07:08.825,1.08072,1.08087,1.50,1.00
2017.08.11 02:07:11.206,1.08071,1.08087,1.12,1.00
2017.08.11 02:07:14.499,1.08072,1.08087,1.00,1.00
2017.08.11 02:07:15.074,1.0807,1.08087,2.62,1.00
2017.08.11 02:07:18.646,1.08071,1.08087,1.37,1.00
2017.08.11 02:07:20.909,1.08071,1.08087,1.12,1.00
2017.08.11 02:07:22.174,1.08071,1.0809,1.12,1.00
2017.08.11 02:07:22.226,1.08073,1.08091,1.00,1.00
2017.08.11 02:07:22.733,1.08071,1.0809,1.37,1.00
2017.08.11 02:07:30.312,1.08073,1.08092,1.12,1.00
2017.08.11 02:07:30.855,1.08074,1.08092,1.50,1.00
2017.08.11 02:07:32.275,1.08074,1.0809,1.00,1.00
2017.08.11 02:07:32.456,1.08071,1.08089,1.12,1.00
2017.08.11 02:07:33.813,1.08072,1.08089,1.00,1.00
2017.08.11 02:07:34.695,1.0807,1.08089,1.00,1.00
2017.08.11 02:07:34.747,1.0807,1.08087,1.00,1.00
2017.08.11 02:07:34.899,1.08068,1.08086,2.25,1.00
2017.08.11 02:07:35.413,1.08069,1.08086,1.00,1.00
2017.08.11 02:07:35.515,1.08071,1.08087,1.00,1.00
2017.08.11 02:07:35.738,1.08071,1.08089,1.00,1.00
2017.08.11 02:07:35.789,1.08069,1.08086,1.00,1.00
2017.08.11 02:07:36.405,1.08068,1.08086,1.50,1.00
2017.08.11 02:07:37.062,1.08067,1.08086,1.00,1.00
2017.08.11 02:07:37.164,1.08065,1.08085,1.50,1.00
2017.08.11 02:07:37.788,1.08066,1.08085,1.50,1.00
2017.08.11 02:07:38.333,1.08066,1.08086,1.50,1.00
2017.08.11 02:07:40.057,1.08064,1.08084,1.50,1.00
2017.08.11 02:07:40.362,1.08064,1.08081,1.00,1.00
2017.08.11 02:07:40.742,1.08066,1.08082,1.00,1.00
2017.08.11 02:07:41.250,1.08066,1.08083,1.00,1.00
2017.08.11 02:07:41.352,1.08066,1.08085,1.00,1.00
2017.08.11 02:07:42.964,1.08065,1.08082,1.00,1.00
2017.08.11 02:07:43.471,1.08064,1.08082,1.00,1.00
2017.08.11 02:07:43.784,1.08062,1.08079,1.50,1.00
2017.08.11 02:07:44.089,1.08064,1.08082,1.50,1.00
2017.08.11 02:07:44.140,1.08066,1.08084,1.37,1.00
2017.08.11 02:07:44.242,1.08067,1.08086,1.00,1.00
2017.08.11 02:07:44.853,1.08067,1.08085,1.00,1.00
2017.08.11 02:07:46.766,1.08069,1.08085,1.00,1.00
2017.08.11 02:07:47.293,1.08069,1.08086,1.50,1.00
2017.08.11 02:07:48.934,1.08068,1.08085,1.50,1.00
2017.08.11 02:07:50.104,1.08069,1.08085,1.00,1.00
2017.08.11 02:07:51.302,1.08069,1.08087,1.00,1.00
2017.08.11 02:07:51.987,1.0807,1.08087,1.00,1.00
2017.08.11 02:07:52.514,1.08071,1.08088,1.00,1.00
2017.08.11 02:07:58.288,1.0807,1.08088,1.87,1.00
2017.08.11 02:07:58.592,1.08071,1.08092,1.50,1.00
2017.08.11 02:07:58.795,1.08073,1.08092,1.00,1.00
2017.08.11 02:07:59.383,1.08072,1.08091,1.00,1.00
2017.08.11 02:07:59.819,1.08074,1.08092,1.00,1.00
2017.08.11 02:07:59.921,1.08075,1.08094,1.00,1.00
2017.08.11 02:08:00.503,1.08076,1.08094,1.00,1.00
2017.08.11 02:08:03.248,1.08076,1.08092,1.00,1.00
2017.08.11 02:08:03.350,1.08078,1.081,1.00,1.75
2017.08.11 02:08:03.938,1.08079,1.08101,1.00,1.12
2017.08.11 02:08:05.343,1.08078,1.08101,1.00,3.37
2017.08.11 02:08:07.438,1.0808,1.08104,1.00,3.94
2017.08.11 02:08:07.540,1.08082,1.08103,1.00,1.00
2017.08.11 02:08:08.054,1.08082,1.08102,1.00,1.00
2017.08.11 02:08:08.558,1.08082,1.08101,1.00,1.00
2017.08.11 02:08:09.106,1.08082,1.081,1.00,1.00
2017.08.11 02:08:10.022,1.08082,1.08101,1.00,1.00
2017.08.11 02:08:10.537,1.08083,1.08101,1.00,1.00
2017.08.11 02:08:11.059,1.08082,1.08102,1.00,1.12
2017.08.11 02:08:11.313,1.0808,1.08101,1.00,1.12
2017.08.11 02:08:12.094,1.0808,1.08103,1.00,1.31
2017.08.11 02:08:12.634,1.08081,1.08103,1.00,1.12
2017.08.11 02:08:13.184,1.08081,1.08102,1.00,1.00
2017.08.11 02:08:14.596,1.08081,1.08101,1.00,1.00
2017.08.11 02:08:15.152,1.08081,1.08102,1.00,1.00
2017.08.11 02:08:15.871,1.08081,1.08101,1.00,1.00
2017.08.11 02:08:17.190,1.08081,1.08102,1.00,1.00
2017.08.11 02:08:18.205,1.08083,1.08101,1.00,1.00
2017.08.11 02:08:18.306,1.08083,1.08104,1.00,2.62
2017.08.11 02:08:18.763,1.08083,1.08101,1.00,1.00
2017.08.11 02:08:19.405,1.08083,1.08105,1.00,1.62
2017.08.11 02:08:22.223,1.08086,1.08106,1.00,1.75
2017.08.11 02:08:23.467,1.08083,1.08098,1.00,1.00
2017.08.11 02:08:23.801,1.08084,1.081,1.12,1.00
2017.08.11 02:08:23.954,1.08086,1.08101,1.00,1.00
2017.08.11 02:08:24.005,1.08084,1.08101,1.12,1.00
2017.08.11 02:08:24.556,1.08085,1.08101,1.00,1.00
2017.08.11 02:08:25.092,1.08086,1.08101,1.00,1.00
2017.08.11 02:08:25.143,1.08084,1.08101,1.87,1.00
2017.08.11 02:08:26.352,1.08089,1.08107,1.00,1.37
2017.08.11 02:08:27.205,1.08089,1.08108,1.00,1.50
2017.08.11 02:08:27.732,1.08089,1.08107,1.00,1.37
2017.08.11 02:08:33.924,1.08089,1.08108,1.00,1.50
2017.08.11 02:08:38.955,1.08089,1.08111,1.00,1.12
2017.08.11 02:08:39.007,1.0809,1.0811,1.00,1.00
2017.08.11 02:08:39.058,1.08093,1.08114,1.00,4.12
2017.08.11 02:08:39.210,1.08093,1.08114,1.00,1.37
2017.08.11 02:08:39.261,1.08093,1.08114,1.00,1.37
2017.08.11 02:08:47.544,1.08093,1.08117,1.00,1.87
2017.08.11 02:08:47.716,1.08097,1.08119,1.00,1.62
2017.08.11 02:08:47.818,1.08098,1.08121,1.00,1.69
2017.08.11 02:08:47.871,1.081,1.08122,1.00,1.37
2017.08.11 02:08:47.923,1.08098,1.08122,1.00,2.62
2017.08.11 02:08:47.974,1.08101,1.08122,1.00,1.12
2017.08.11 02:08:48.542,1.08101,1.08124,1.00,2.25
2017.08.11 02:08:48.760,1.08097,1.08124,1.50,2.25
2017.08.11 02:08:48.812,1.08098,1.08119,1.00,1.00
2017.08.11 02:08:49.323,1.08098,1.08118,1.00,1.00
2017.08.11 02:08:49.845,1.08097,1.08118,1.00,1.00
2017.08.11 02:08:51.837,1.08097,1.0812,1.50,1.00
2017.08.11 02:08:51.888,1.08101,1.0812,1.00,1.00
2017.08.11 02:08:52.194,1.08101,1.08122,1.00,1.00
2017.08.11 02:08:52.246,1.08105,1.08125,1.00,1.00
2017.08.11 02:08:52.823,1.08105,1.08127,1.00,1.37
2017.08.11 02:08:53.593,1.08104,1.08127,2.25,1.37
2017.08.11 02:08:54.646,1.08105,1.08124,1.00,1.00
2017.08.11 02:08:58.813,1.08104,1.08124,1.50,1.00
2017.08.11 02:08:59.291,1.08106,1.08124,1.00,1.00
2017.08.11 02:08:59.924,1.08106,1.08125,1.00,1.00
2017.08.11 02:09:00.455,1.08105,1.08125,1.50,1.00
2017.08.11 02:09:00.763,1.08106,1.08121,1.00,1.00
2017.08.11 02:09:01.292,1.08105,1.08121,1.50,1.00
2017.08.11 02:09:01.859,1.08106,1.08121,1.00,1.00
2017.08.11 02:09:02.401,1.08105,1.08121,1.50,1.00
2017.08.11 02:09:02.913,1.08106,1.08121,1.00,1.00
2017.08.11 02:09:03.424,1.08105,1.08121,1.50,1.00
2017.08.11 02:09:03.956,1.08106,1.08121,1.00,1.00
2017.08.11 02:09:04.482,1.08105,1.08121,1.00,1.00
2017.08.11 02:09:05.093,1.08106,1.08121,1.00,1.00
2017.08.11 02:09:05.669,1.08106,1.0812,1.00,1.00
2017.08.11 02:09:06.531,1.08105,1.0812,1.00,1.00
2017.08.11 02:09:07.060,1.08106,1.0812,1.00,1.00
2017.08.11 02:09:07.596,1.08105,1.0812,1.50,1.00
2017.08.11 02:09:08.215,1.08106,1.0812,1.00,1.00
2017.08.11 02:09:09.001,1.08105,1.0812,1.00,1.00
2017.08.11 02:09:09.581,1.08106,1.0812,1.00,1.00
2017.08.11 02:09:09.845,1.08103,1.08118,1.00,1.00
2017.08.11 02:09:09.948,1.08101,1.08115,1.50,1.00
2017.08.11 02:09:10.101,1.08098,1.08114,1.50,1.00
2017.08.11 02:09:10.253,1.081,1.08114,1.00,1.00
2017.08.11 02:09:10.355,1.08098,1.08114,1.50,1.00
2017.08.11 02:09:10.630,1.081,1.08114,1.00,1.00
2017.08.11 02:09:11.295,1.081,1.08115,1.00,1.00
2017.08.11 02:09:11.601,1.08102,1.08116,1.00,1.00
2017.08.11 02:09:11.652,1.08102,1.08118,1.00,1.00
2017.08.11 02:09:11.957,1.08101,1.0812,1.00,1.00
2017.08.11 02:09:12.058,1.08103,1.0812,1.00,1.00
2017.08.11 02:09:13.597,1.08102,1.0812,1.00,1.00
2017.08.11 02:09:14.581,1.08101,1.0812,1.00,1.37
2017.08.11 02:09:15.100,1.08101,1.08117,1.00,1.00
2017.08.11 02:09:16.395,1.081,1.08118,1.50,1.12
2017.08.11 02:09:16.926,1.08099,1.08119,1.00,1.00
2017.08.11 02:09:17.232,1.08102,1.0812,1.00,1.00
2017.08.11 02:09:18.419,1.08101,1.08121,1.00,1.00
2017.08.11 02:09:18.956,1.08101,1.0812,2.25,1.00
2017.08.11 02:09:19.457,1.08102,1.0812,1.00,1.00
2017.08.11 02:09:20.133,1.08101,1.0812,2.25,1.00
2017.08.11 02:09:20.235,1.08101,1.08122,1.50,1.00
2017.08.11 02:09:24.225,1.081,1.08121,1.12,1.00
2017.08.11 02:09:27.584,1.08101,1.08121,1.00,1.00
2017.08.11 02:09:28.292,1.081,1.08121,1.87,1.00
2017.08.11 02:09:28.891,1.08101,1.08121,1.00,1.00
2017.08.11 02:09:29.418,1.08102,1.08118,1.00,1.00
2017.08.11 02:09:30.003,1.08101,1.08118,1.00,1.00
2017.08.11 02:09:30.773,1.081,1.08118,1.12,1.00
2017.08.11 02:09:31.079,1.08099,1.08116,1.00,1.00
2017.08.11 02:09:35.046,1.08098,1.08116,1.00,1.00
2017.08.11 02:09:35.571,1.08097,1.08115,1.00,1.00
2017.08.11 02:09:39.802,1.08098,1.08115,1.00,1.00
2017.08.11 02:09:48.646,1.08099,1.08116,1.00,1.00
2017.08.11 02:09:54.043,1.08099,1.08116,1.00,1.00
2017.08.11 02:09:54.582,1.08099,1.08117,1.00,1.00
2017.08.11 02:10:04.224,1.08098,1.08117,1.00,1.00
2017.08.11 02:10:07.038,1.08099,1.08117,1.50,1.00
2017.08.11 02:10:07.685,1.081,1.08117,1.00,1.00
2017.08.11 02:10:10.953,1.08099,1.08117,1.00,1.00
2017.08.11 02:10:16.171,1.08101,1.08119,1.00,1.00
2017.08.11 02:10:16.476,1.081,1.08117,1.00,1.00
2017.08.11 02:10:16.865,1.081,1.08122,1.00,1.12
2017.08.11 02:10:16.917,1.08102,1.08122,1.00,1.12
2017.08.11 02:10:17.425,1.08102,1.08122,1.00,1.37
2017.08.11 02:10:18.004,1.08102,1.08124,1.00,2.25
2017.08.11 02:10:18.368,1.08102,1.08123,1.00,1.37
2017.08.11 02:10:18.875,1.08103,1.08124,1.00,2.25
2017.08.11 02:10:19.874,1.08101,1.08125,1.00,4.50
2017.08.11 02:10:21.743,1.08102,1.08125,1.00,3.00
2017.08.11 02:10:22.347,1.08102,1.08124,1.00,2.25
2017.08.11 02:10:22.448,1.08104,1.08125,1.00,3.00
2017.08.11 02:10:22.957,1.08104,1.08123,1.00,1.37
2017.08.11 02:10:23.008,1.08102,1.08123,1.00,1.37
2017.08.11 02:10:23.698,1.08102,1.08125,1.00,2.25
2017.08.11 02:10:24.223,1.08102,1.08124,1.00,1.50
2017.08.11 02:10:26.751,1.08101,1.08118,1.00,1.75
2017.08.11 02:10:26.803,1.08098,1.08117,1.00,1.37
2017.08.11 02:10:26.854,1.08098,1.08117,1.00,1.37
2017.08.11 02:10:26.956,1.08096,1.08115,1.00,1.12
2017.08.11 02:10:27.007,1.08094,1.08114,1.00,1.00
2017.08.11 02:10:27.261,1.08094,1.08114,1.00,1.75
2017.08.11 02:10:27.450,1.08091,1.0811,1.00,1.00
2017.08.11 02:10:27.501,1.08093,1.08109,1.00,1.00
2017.08.11 02:10:27.553,1.08091,1.08109,1.00,1.00
2017.08.11 02:10:27.706,1.08092,1.08112,1.00,1.37
2017.08.11 02:10:27.757,1.08092,1.08109,1.00,1.00
2017.08.11 02:10:28.646,1.08092,1.0811,1.00,1.00
2017.08.11 02:10:28.952,1.08094,1.08109,1.00,1.00
2017.08.11 02:10:30.196,1.08094,1.0811,1.00,1.00
2017.08.11 02:10:30.667,1.08097,1.08112,1.00,1.50
2017.08.11 02:10:31.066,1.08095,1.08112,1.00,1.50
2017.08.11 02:10:31.677,1.08096,1.08113,1.00,1.87
2017.08.11 02:10:32.203,1.08096,1.0811,1.00,1.00
2017.08.11 02:10:32.828,1.08096,1.08111,1.00,1.50
2017.08.11 02:10:33.454,1.08095,1.08111,1.00,1.50
2017.08.11 02:10:35.164,1.08096,1.08111,1.00,1.00
2017.08.11 02:10:35.684,1.08095,1.08111,1.00,1.00
2017.08.11 02:10:37.826,1.08096,1.08113,1.00,1.00
2017.08.11 02:10:37.980,1.08098,1.08114,1.00,1.00
2017.08.11 02:10:38.262,1.08099,1.08116,1.00,1.50
2017.08.11 02:10:38.763,1.08098,1.08115,1.00,1.12
2017.08.11 02:10:43.678,1.08098,1.08116,1.00,1.50
2017.08.11 02:10:44.372,1.08099,1.08116,1.00,1.50
2017.08.11 02:10:45.148,1.08099,1.08115,1.00,1.00
2017.08.11 02:10:47.054,1.08099,1.08116,1.00,1.50
2017.08.11 02:10:47.782,1.08099,1.08115,1.00,1.00
2017.08.11 02:10:50.064,1.08099,1.08116,1.00,1.00
2017.08.11 02:10:50.824,1.08099,1.08115,1.00,1.00
2017.08.11 02:10:51.487,1.08099,1.08116,1.00,1.00
2017.08.11 02:10:52.014,1.08099,1.08117,1.00,1.12
2017.08.11 02:10:52.522,1.08102,1.08119,1.00,1.75
2017.08.11 02:10:53.467,1.08101,1.0812,1.00,1.00
2017.08.11 02:10:53.570,1.08103,1.08121,1.00,1.12
2017.08.11 02:10:54.217,1.08103,1.08119,1.00,1.00
2017.08.11 02:10:54.725,1.08104,1.08119,1.00,1.00
2017.08.11 02:10:55.245,1.08104,1.08118,1.00,1.00
2017.08.11 02:10:56.087,1.08104,1.0812,1.00,1.00
2017.08.11 02:10:56.291,1.08102,1.0812,1.00,1.00
2017.08.11 02:10:56.708,1.08102,1.08124,1.00,1.00
2017.08.11 02:10:56.759,1.08104,1.08123,1.00,1.00
2017.08.11 02:10:57.064,1.08103,1.08121,1.00,1.87
2017.08.11 02:10:57.784,1.08103,1.0812,1.00,1.00
2017.08.11 02:10:58.088,1.08103,1.0812,1.00,1.37
2017.08.11 02:10:58.394,1.08102,1.08117,1.00,1.37
2017.08.11 02:10:58.883,1.08103,1.08119,1.00,1.37
2017.08.11 02:10:58.935,1.08103,1.0812,1.00,1.50
2017.08.11 02:10:59.438,1.08102,1.08119,1.00,1.87
2017.08.11 02:11:00.127,1.08101,1.0812,1.00,2.25
2017.08.11 02:11:00.728,1.08102,1.08119,1.00,1.37
2017.08.11 02:11:02.759,1.08097,1.08119,1.50,1.50
2017.08.11 02:11:03.311,1.08097,1.0812,1.50,2.25
2017.08.11 02:11:03.894,1.08098,1.08118,1.00,1.75
2017.08.11 02:11:08.026,1.08098,1.0812,1.00,1.12
2017.08.11 02:11:08.130,1.08099,1.08118,1.00,1.00
2017.08.11 02:11:08.283,1.08097,1.08119,1.50,1.12
2017.08.11 02:11:08.386,1.08099,1.08118,1.00,1.00
2017.08.11 02:11:08.993,1.08099,1.08119,1.00,1.75
2017.08.11 02:11:11.614,1.08096,1.08117,1.50,1.12
2017.08.11 02:11:12.244,1.08097,1.08117,1.00,1.12
2017.08.11 02:11:13.149,1.08096,1.08118,1.00,1.12
2017.08.11 02:11:13.957,1.08095,1.08117,1.00,1.50
2017.08.11 02:11:16.233,1.08096,1.08117,1.00,1.87
2017.08.11 02:11:16.842,1.08097,1.08117,1.00,1.12
2017.08.11 02:11:17.223,1.08097,1.08112,1.00,1.00
2017.08.11 02:11:17.791,1.08097,1.08113,1.00,1.00
2017.08.11 02:11:18.836,1.08096,1.08113,1.00,1.00
2017.08.11 02:11:22.161,1.08096,1.08118,1.00,1.50
2017.08.11 02:11:22.212,1.08096,1.08119,1.00,2.25
2017.08.11 02:11:22.502,1.08096,1.08119,1.00,1.50
2017.08.11 02:11:23.073,1.08096,1.08118,1.00,1.50
2017.08.11 02:11:23.795,1.08096,1.08116,1.00,1.00
2017.08.11 02:11:26.755,1.08096,1.08117,1.00,1.87
2017.08.11 02:11:27.814,1.08096,1.08116,1.00,1.00
2017.08.11 02:11:28.119,1.08089,1.08108,1.00,1.12
2017.08.11 02:11:28.170,1.08087,1.08108,1.00,1.12
2017.08.11 02:11:28.678,1.08088,1.08108,1.00,1.87
2017.08.11 02:11:28.729,1.08087,1.08106,1.50,1.50
2017.08.11 02:11:29.345,1.08087,1.08107,1.00,1.00
2017.08.11 02:11:29.933,1.08088,1.08106,1.00,2.25
2017.08.11 02:11:30.831,1.08087,1.08106,1.00,1.50
2017.08.11 02:11:31.818,1.08087,1.08107,1.00,1.00
2017.08.11 02:11:32.352,1.08088,1.08106,1.00,1.00
2017.08.11 02:11:32.867,1.08089,1.08107,1.00,1.00
2017.08.11 02:11:33.020,1.08087,1.08107,1.00,1.00
2017.08.11 02:11:33.426,1.08089,1.08107,1.00,1.00
2017.08.11 02:11:33.528,1.08087,1.08106,1.00,1.00
2017.08.11 02:11:33.681,1.08087,1.08108,1.50,1.87
2017.08.11 02:11:33.732,1.08089,1.08107,1.00,1.00
2017.08.11 02:11:33.885,1.08087,1.08107,1.50,1.50
2017.08.11 02:11:34.088,1.08089,1.08107,1.00,1.00
2017.08.11 02:11:34.495,1.08087,1.08108,1.00,1.12
2017.08.11 02:11:34.546,1.08089,1.08107,1.00,1.00
2017.08.11 02:11:35.005,1.08087,1.08106,1.50,1.00
2017.08.11 02:11:35.107,1.08087,1.08108,1.50,1.12
2017.08.11 02:11:35.158,1.08087,1.08106,1.50,1.00
2017.08.11 02:11:35.464,1.08089,1.08108,1.00,1.87
2017.08.11 02:11:35.786,1.08088,1.08106,1.00,1.00
2017.08.11 02:11:35.942,1.08088,1.08109,1.50,1.50
2017.08.11 02:11:36.473,1.08089,1.08109,1.00,2.25
2017.08.11 02:11:36.797,1.08087,1.08106,1.50,1.00
2017.08.11 02:11:38.524,1.08087,1.08107,1.00,1.50
2017.08.11 02:11:39.200,1.08087,1.08106,1.00,1.00
2017.08.11 02:11:39.763,1.08087,1.08107,1.00,1.00
2017.08.11 02:11:41.546,1.08085,1.08106,1.50,1.37
2017.08.11 02:11:41.851,1.08082,1.08104,1.00,1.37
2017.08.11 02:11:42.357,1.08083,1.08104,1.00,1.37
2017.08.11 02:11:43.091,1.08082,1.08104,1.00,1.87
2017.08.11 02:11:44.271,1.08083,1.08103,1.00,1.37
2017.08.11 02:11:44.532,1.08082,1.08104,1.00,1.37
2017.08.11 02:11:46.129,1.08084,1.08105,1.00,1.87
2017.08.11 02:11:46.596,1.08086,1.08106,1.00,2.62
2017.08.11 02:11:48.092,1.08086,1.08106,1.00,2.62
2017.08.11 02:11:50.043,1.08086,1.08105,1.00,1.00
2017.08.11 02:11:50.145,1.08084,1.08105,1.00,1.00
2017.08.11 02:11:50.675,1.08084,1.08106,1.50,1.00
2017.08.11 02:11:51.567,1.08084,1.08105,1.50,1.00
2017.08.11 02:11:55.386,1.08086,1.08107,1.00,1.50
2017.08.11 02:11:55.921,1.08086,1.08106,1.00,1.00
2017.08.11 02:11:56.432,1.08086,1.08107,1.00,1.50
2017.08.11 02:11:58.259,1.08085,1.08107,1.50,1.00
2017.08.11 02:11:58.412,1.08086,1.08109,2.25,1.00
2017.08.11 02:11:58.515,1.08088,1.08111,1.00,1.00
2017.08.11 02:11:58.691,1.08089,1.08113,1.50,1.00
2017.08.11 02:11:58.742,1.08091,1.08113,1.00,1.50
2017.08.11 02:12:00.661,1.08091,1.0811,1.00,1.00
2017.08.11 02:12:01.117,1.08093,1.0811,1.00,1.00
2017.08.11 02:12:03.332,1.08096,1.08115,1.00,1.00
2017.08.11 02:12:03.535,1.08097,1.08117,1.00,1.00
2017.08.11 02:12:04.055,1.08096,1.08118,1.50,1.00
2017.08.11 02:12:04.575,1.08097,1.08118,1.00,1.00
2017.08.11 02:12:08.223,1.08097,1.08117,1.00,1.00
2017.08.11 02:12:10.595,1.08096,1.08117,1.50,1.00
2017.08.11 02:12:11.034,1.08099,1.08117,1.00,1.00
2017.08.11 02:12:11.085,1.08099,1.08119,1.00,1.00
2017.08.11 02:12:11.673,1.08098,1.08119,1.00,1.00
2017.08.11 02:12:11.975,1.08096,1.08119,1.50,1.00
2017.08.11 02:12:15.464,1.08097,1.08119,1.00,1.00
2017.08.11 02:12:16.084,1.08098,1.08119,1.00,1.00
2017.08.11 02:12:16.786,1.08099,1.08119,1.00,1.00
2017.08.11 02:12:19.694,1.08098,1.08119,1.00,1.00
2017.08.11 02:12:20.626,1.08099,1.08119,1.00,1.00
2017.08.11 02:12:21.137,1.08098,1.08119,1.00,1.00
2017.08.11 02:12:21.791,1.08099,1.08119,1.00,1.00
2017.08.11 02:12:22.334,1.08099,1.08118,1.00,1.00
2017.08.11 02:12:22.841,1.081,1.08119,1.00,1.00
2017.08.11 02:12:23.442,1.08099,1.08119,1.50,1.00
2017.08.11 02:12:25.312,1.081,1.08119,1.00,1.00
2017.08.11 02:12:26.215,1.081,1.08121,1.00,1.00
2017.08.11 02:12:26.441,1.08098,1.0812,1.50,1.00
2017.08.11 02:12:26.543,1.081,1.08121,1.00,1.00
2017.08.11 02:12:26.645,1.08103,1.08125,1.00,1.00
2017.08.11 02:12:27.225,1.08102,1.08126,2.25,1.00
2017.08.11 02:12:28.207,1.08103,1.08121,1.12,1.00
2017.08.11 02:12:30.315,1.08105,1.08119,1.00,1.00
2017.08.11 02:12:31.043,1.08104,1.08119,1.00,1.00
2017.08.11 02:12:31.145,1.08105,1.08121,1.00,1.00
2017.08.11 02:12:31.297,1.08108,1.08122,1.00,1.00
2017.08.11 02:12:31.894,1.08107,1.08122,1.00,1.00
2017.08.11 02:12:32.445,1.08108,1.08122,1.00,1.00
2017.08.11 02:12:32.955,1.08107,1.08122,1.00,1.00
2017.08.11 02:12:33.633,1.08108,1.08122,1.00,1.00
2017.08.11 02:12:34.288,1.08108,1.08123,1.00,1.00
2017.08.11 02:12:35.115,1.08107,1.08123,1.00,1.00
2017.08.11 02:12:35.666,1.08108,1.08123,1.00,1.00
2017.08.11 02:12:36.213,1.08107,1.08123,1.00,1.00
2017.08.11 02:12:36.834,1.08108,1.08123,1.00,1.00
2017.08.11 02:12:37.364,1.08107,1.08123,1.00,1.00
2017.08.11 02:12:37.876,1.08108,1.08123,1.00,1.00
2017.08.11 02:12:38.864,1.08107,1.08123,1.00,1.00
2017.08.11 02:12:39.403,1.08108,1.08123,1.00,1.00
2017.08.11 02:12:40.139,1.08107,1.08123,1.00,1.00
2017.08.11 02:12:40.240,1.08112,1.08133,1.00,1.69
2017.08.11 02:12:40.786,1.08113,1.08131,1.00,1.00
2017.08.11 02:12:41.167,1.0811,1.08135,1.00,1.87
2017.08.11 02:12:41.473,1.0811,1.0813,1.00,1.00
2017.08.11 02:12:41.844,1.08107,1.08129,1.50,1.00
2017.08.11 02:12:42.171,1.08105,1.08129,1.00,1.75
2017.08.11 02:12:44.625,1.08105,1.08124,1.00,1.00
2017.08.11 02:12:45.825,1.08103,1.08124,1.00,1.00
2017.08.11 02:12:46.116,1.081,1.08124,1.00,1.00
2017.08.11 02:12:46.218,1.081,1.08122,1.50,1.00
2017.08.11 02:12:47.784,1.081,1.08121,1.00,1.00
2017.08.11 02:12:49.986,1.08097,1.08118,1.87,1.00
2017.08.11 02:12:50.321,1.08099,1.08115,1.00,1.00
2017.08.11 02:12:50.824,1.08099,1.08114,1.00,1.00
2017.08.11 02:12:51.613,1.08098,1.08114,1.12,1.00
2017.08.11 02:12:52.190,1.08099,1.08114,1.00,1.00
2017.08.11 02:12:52.698,1.08097,1.08113,1.50,1.00
2017.08.11 02:12:53.459,1.08097,1.08112,1.50,1.00
2017.08.11 02:12:53.663,1.08097,1.08114,1.50,1.00
2017.08.11 02:12:53.715,1.08096,1.08112,1.87,1.00
2017.08.11 02:12:54.272,1.08097,1.08113,2.25,1.00
2017.08.11 02:12:54.788,1.08093,1.08112,3.00,1.00
2017.08.11 02:12:54.839,1.08093,1.08112,1.50,1.00
2017.08.11 02:12:54.940,1.08093,1.0811,1.50,1.00
2017.08.11 02:12:55.447,1.08093,1.08112,1.12,1.00
2017.08.11 02:12:55.972,1.08094,1.08112,1.00,1.00
2017.08.11 02:12:56.395,1.08093,1.08112,1.50,1.00
2017.08.11 02:12:56.446,1.08093,1.08112,1.12,1.00
2017.08.11 02:12:56.599,1.08094,1.0811,1.12,1.00
2017.08.11 02:12:57.704,1.08094,1.0811,1.56,1.00
2017.08.11 02:12:57.755,1.08094,1.08112,1.00,1.00
2017.08.11 02:12:58.291,1.08094,1.08111,1.87,1.00
2017.08.11 02:12:58.958,1.08093,1.08113,3.00,1.00
2017.08.11 02:12:59.161,1.08094,1.08111,1.00,1.00
2017.08.11 02:12:59.684,1.08093,1.0811,1.12,1.00
2017.08.11 02:13:00.207,1.08093,1.08109,1.12,1.00
2017.08.11 02:13:00.830,1.08094,1.08109,1.00,1.00
2017.08.11 02:13:01.733,1.08093,1.08109,1.12,1.00
2017.08.11 02:13:02.545,1.08094,1.08109,1.00,1.00
2017.08.11 02:13:03.055,1.08093,1.08109,1.12,1.00
2017.08.11 02:13:03.629,1.08094,1.08109,1.00,1.00
2017.08.11 02:13:04.174,1.08093,1.08109,1.12,1.00
2017.08.11 02:13:04.478,1.0809,1.08107,1.12,1.00
2017.08.11 02:13:04.529,1.0809,1.08108,1.12,1.00
2017.08.11 02:13:05.395,1.08089,1.08109,1.50,1.00
2017.08.11 02:13:05.928,1.08092,1.08109,1.00,1.00
2017.08.11 02:13:06.233,1.08091,1.08106,1.00,1.00
2017.08.11 02:13:06.745,1.0809,1.08106,1.00,1.00
2017.08.11 02:13:07.262,1.08091,1.08106,1.00,1.00
2017.08.11 02:13:07.771,1.08092,1.08107,1.00,1.00
2017.08.11 02:13:08.863,1.08091,1.08107,1.00,1.00
2017.08.11 02:13:09.408,1.08092,1.08107,1.00,1.00
2017.08.11 02:13:10.955,1.08091,1.08107,1.00,1.00
2017.08.11 02:13:11.926,1.08092,1.08107,1.00,1.00
2017.08.11 02:13:12.029,1.08089,1.08106,1.00,1.00
2017.08.11 02:13:12.181,1.0809,1.08108,1.00,1.00
2017.08.11 02:13:12.232,1.08093,1.08108,1.00,1.00
2017.08.11 02:13:12.487,1.08093,1.0811,2.25,1.00
2017.08.11 02:13:12.539,1.08094,1.0811,1.75,1.00
2017.08.11 02:13:12.641,1.08094,1.0811,1.00,1.37
2017.08.11 02:13:12.743,1.08093,1.08109,1.50,1.37
2017.08.11 02:13:13.627,1.08093,1.08108,1.00,1.00
2017.08.11 02:13:14.150,1.08094,1.08109,1.00,1.00
2017.08.11 02:13:14.201,1.08095,1.08111,1.00,1.00
2017.08.11 02:13:14.253,1.0809,1.08108,2.25,1.00
2017.08.11 02:13:14.355,1.0809,1.08105,1.00,1.00
2017.08.11 02:13:14.456,1.08088,1.08104,1.50,1.00
2017.08.11 02:13:15.095,1.08088,1.08103,1.00,1.00
2017.08.11 02:13:15.148,1.08089,1.08106,1.00,1.00
2017.08.11 02:13:15.302,1.08088,1.08108,1.50,1.00
2017.08.11 02:13:15.354,1.08091,1.08108,1.00,1.00
2017.08.11 02:13:15.886,1.0809,1.0811,1.00,1.00
2017.08.11 02:13:16.242,1.08093,1.08111,1.00,1.00
2017.08.11 02:13:16.344,1.08089,1.0811,1.12,1.00
2017.08.11 02:13:16.396,1.0809,1.08107,1.00,1.00
2017.08.11 02:13:16.548,1.08088,1.08107,1.12,1.00
2017.08.11 02:13:17.226,1.08087,1.08106,1.00,1.00
2017.08.11 02:13:17.581,1.08085,1.08106,1.00,1.00
2017.08.11 02:13:17.835,1.08087,1.08106,1.00,1.00
2017.08.11 02:13:20.268,1.08086,1.08105,1.50,1.00
2017.08.11 02:13:22.034,1.08086,1.08106,1.00,1.00
2017.08.11 02:13:22.390,1.08088,1.08108,1.00,1.00
2017.08.11 02:13:22.923,1.08087,1.08107,1.50,1.00
2017.08.11 02:13:23.425,1.08088,1.08107,1.00,1.00
2017.08.11 02:13:30.943,1.08087,1.08107,1.50,1.00
2017.08.11 02:13:31.455,1.08088,1.08106,1.00,1.00
2017.08.11 02:13:31.995,1.08087,1.08106,1.50,1.00
2017.08.11 02:13:36.012,1.08086,1.08106,1.00,1.50
2017.08.11 02:13:36.318,1.08084,1.08102,1.00,1.50
2017.08.11 02:13:38.721,1.08085,1.08102,1.00,1.50
2017.08.11 02:13:40.892,1.08084,1.08103,1.50,1.12
2017.08.11 02:13:42.031,1.08085,1.08103,1.00,1.87
2017.08.11 02:13:42.487,1.08085,1.081,1.00,1.00
2017.08.11 02:13:43.771,1.08086,1.08101,1.00,1.00
2017.08.11 02:13:44.314,1.08085,1.08101,1.50,1.00
2017.08.11 02:13:51.873,1.08084,1.08104,1.50,1.50
2017.08.11 02:13:54.561,1.08084,1.08104,1.50,1.50
2017.08.11 02:13:55.074,1.08084,1.08104,1.50,1.50
2017.08.11 02:14:01.878,1.08083,1.08101,1.00,1.50
2017.08.11 02:14:02.082,1.0808,1.08099,1.00,1.12
2017.08.11 02:14:02.236,1.08078,1.08099,1.00,1.87
2017.08.11 02:14:02.887,1.08078,1.08098,1.00,1.00
2017.08.11 02:14:03.396,1.08077,1.08098,1.00,1.00
2017.08.11 02:14:04.134,1.08077,1.08099,1.00,1.87
2017.08.11 02:14:04.690,1.08077,1.08098,1.00,1.00
2017.08.11 02:14:05.875,1.08077,1.08099,1.00,1.87
2017.08.11 02:14:06.393,1.08077,1.08098,1.00,1.00
2017.08.11 02:14:15.942,1.08078,1.08098,1.00,1.50
2017.08.11 02:14:16.044,1.08079,1.08096,1.00,1.00
2017.08.11 02:14:16.626,1.08079,1.08097,1.00,1.12
2017.08.11 02:14:17.123,1.08078,1.08099,1.12,1.00
2017.08.11 02:14:17.428,1.08081,1.081,1.00,1.50
2017.08.11 02:14:18.107,1.0808,1.081,1.00,1.00
2017.08.11 02:14:18.413,1.08078,1.08097,1.00,1.00
2017.08.11 02:14:18.937,1.08077,1.08097,1.50,1.00
2017.08.11 02:14:19.298,1.08079,1.08099,1.00,1.50
2017.08.11 02:14:19.799,1.0808,1.08099,1.00,1.50
2017.08.11 02:14:20.336,1.0808,1.08098,1.00,1.50
2017.08.11 02:14:20.582,1.08081,1.081,1.00,1.50
2017.08.11 02:14:21.175,1.08082,1.081,1.00,1.00
2017.08.11 02:14:21.277,1.0808,1.081,1.00,2.25
2017.08.11 02:14:21.328,1.0808,1.08097,1.00,1.00
2017.08.11 02:14:21.532,1.0808,1.081,1.00,1.00
2017.08.11 02:14:21.634,1.08082,1.08101,1.00,1.87
2017.08.11 02:14:21.906,1.0808,1.081,1.50,1.12
2017.08.11 02:14:22.454,1.08081,1.081,1.00,1.87
2017.08.11 02:14:22.871,1.08082,1.08102,1.00,1.00
2017.08.11 02:14:23.043,1.08082,1.08104,1.50,1.00
2017.08.11 02:14:23.145,1.08085,1.08104,1.00,1.00
2017.08.11 02:14:23.449,1.08086,1.08107,1.00,1.50
2017.08.11 02:14:24.000,1.08087,1.08107,1.50,1.00
2017.08.11 02:14:24.551,1.08087,1.08106,1.50,1.00
2017.08.11 02:14:25.525,1.08087,1.08107,1.50,1.00
2017.08.11 02:14:26.146,1.08087,1.08108,1.50,1.50
2017.08.11 02:14:30.237,1.08087,1.08106,1.50,1.00
2017.08.11 02:14:30.365,1.08086,1.08108,1.50,1.50
2017.08.11 02:14:31.252,1.08086,1.08107,1.50,1.00
2017.08.11 02:14:31.826,1.08087,1.08108,1.50,1.50
2017.08.11 02:14:32.105,1.08087,1.08106,1.50,1.00
2017.08.11 02:14:32.776,1.08087,1.08107,1.50,1.00
2017.08.11 02:14:33.282,1.08088,1.08106,1.00,1.00
2017.08.11 02:14:33.435,1.08088,1.08108,1.00,1.12
2017.08.11 02:14:33.536,1.0809,1.08109,1.00,1.12
2017.08.11 02:14:33.841,1.08088,1.08107,1.00,1.50
2017.08.11 02:14:34.348,1.08089,1.08107,1.50,1.00
2017.08.11 02:14:47.484,1.0809,1.08107,1.00,1.50
2017.08.11 02:14:47.853,1.08093,1.08108,1.00,1.00
2017.08.11 02:14:48.512,1.08093,1.08107,1.00,1.00
2017.08.11 02:14:49.243,1.08093,1.08108,1.00,1.00
2017.08.11 02:14:49.762,1.08093,1.08107,1.00,1.00
2017.08.11 02:14:51.903,1.08093,1.08108,1.00,1.00
2017.08.11 02:14:52.524,1.08093,1.08107,1.00,1.00
2017.08.11 02:14:53.100,1.08093,1.08108,1.00,1.00
2017.08.11 02:14:53.674,1.08093,1.08109,1.00,1.12
2017.08.11 02:14:53.818,1.08091,1.08109,1.00,1.12
2017.08.11 02:14:54.420,1.08091,1.08108,1.00,1.00
2017.08.11 02:14:55.543,1.08091,1.08109,1.00,1.12
2017.08.11 02:14:58.960,1.08091,1.08108,1.00,1.00
2017.08.11 02:14:59.011,1.08093,1.08108,1.00,1.00
2017.08.11 02:14:59.553,1.08093,1.08109,1.00,1.12
2017.08.11 02:15:00.065,1.08093,1.08108,1.00,1.00
2017.08.11 02:15:00.599,1.08093,1.08109,1.00,1.12
2017.08.11 02:15:01.567,1.08093,1.08108,1.00,1.00
2017.08.11 02:15:02.308,1.08091,1.0811,1.00,1.37
2017.08.11 02:15:02.848,1.08092,1.08109,1.00,1.00
2017.08.11 02:15:02.950,1.08093,1.08111,1.00,1.50
2017.08.11 02:15:03.103,1.08095,1.0811,1.00,1.00
2017.08.11 02:15:03.407,1.08095,1.08112,1.00,1.00
2017.08.11 02:15:03.933,1.08096,1.08112,1.00,1.00
2017.08.11 02:15:04.215,1.08096,1.0811,1.00,1.00
2017.08.11 02:15:04.812,1.08096,1.08111,1.00,1.00
2017.08.11 02:15:05.592,1.08096,1.0811,1.00,1.00
2017.08.11 02:15:06.093,1.08096,1.08111,1.00,1.00
2017.08.11 02:15:06.952,1.08096,1.0811,1.00,1.00
2017.08.11 02:15:07.453,1.08096,1.08111,1.00,1.00
2017.08.11 02:15:08.060,1.08096,1.0811,1.00,1.00
2017.08.11 02:15:08.643,1.08096,1.08111,1.00,1.00
2017.08.11 02:15:10.014,1.08096,1.0811,1.00,1.00
2017.08.11 02:15:10.116,1.08094,1.08111,1.00,1.12
2017.08.11 02:15:10.786,1.08094,1.0811,1.00,1.00
2017.08.11 02:15:11.335,1.08094,1.08111,1.00,1.12
2017.08.11 02:15:11.915,1.08094,1.0811,1.00,1.00
2017.08.11 02:15:12.896,1.08094,1.08111,1.00,1.12
2017.08.11 02:15:14.340,1.08094,1.0811,1.00,1.00
2017.08.11 02:15:14.985,1.08094,1.08111,1.00,1.12
2017.08.11 02:15:15.650,1.08094,1.0811,1.00,1.00
2017.08.11 02:15:17.199,1.08094,1.08111,1.00,1.12
2017.08.11 02:15:17.768,1.08094,1.0811,1.00,1.00
2017.08.11 02:15:18.386,1.08094,1.08111,1.00,1.12
2017.08.11 02:15:19.895,1.08094,1.08111,1.00,1.12
2017.08.11 02:15:20.447,1.08094,1.0811,1.00,1.00
2017.08.11 02:15:20.991,1.08094,1.08111,1.00,1.12
2017.08.11 02:15:21.601,1.08094,1.0811,1.00,1.00
2017.08.11 02:15:22.197,1.08094,1.08111,1.00,1.00
2017.08.11 02:15:22.964,1.08094,1.0811,1.00,1.00
2017.08.11 02:15:23.539,1.08094,1.08111,1.00,1.00
2017.08.11 02:15:24.300,1.08093,1.0811,1.00,1.00
2017.08.11 02:15:24.841,1.08093,1.08109,1.00,1.00
2017.08.11 02:15:24.894,1.08092,1.08107,1.00,1.00
2017.08.11 02:15:25.487,1.08091,1.08108,1.00,1.00
2017.08.11 02:15:26.024,1.08091,1.08107,1.00,1.00
2017.08.11 02:15:26.784,1.08091,1.08108,1.00,1.00
2017.08.11 02:15:27.431,1.08092,1.08107,1.00,1.00
2017.08.11 02:15:27.698,1.08084,1.08108,1.00,1.12
2017.08.11 02:15:27.914,1.0809,1.08106,1.00,1.00
2017.08.11 02:15:28.321,1.08092,1.08106,1.00,1.00
2017.08.11 02:15:28.854,1.08092,1.08107,1.00,1.00
2017.08.11 02:15:29.400,1.08092,1.08106,1.00,1.00
2017.08.11 02:15:30.456,1.08092,1.08107,1.00,1.00
2017.08.11 02:15:30.987,1.08092,1.08106,1.00,1.00
2017.08.11 02:15:31.514,1.08092,1.08107,1.00,1.00
2017.08.11 02:15:32.051,1.08091,1.08107,1.00,1.00
2017.08.11 02:15:32.557,1.08091,1.08106,1.00,1.00
2017.08.11 02:15:34.956,1.08091,1.08107,1.00,1.00
2017.08.11 02:15:35.583,1.08091,1.08106,1.00,1.00
2017.08.11 02:15:37.075,1.08091,1.08107,1.00,1.00
2017.08.11 02:15:37.628,1.0809,1.08107,1.00,1.00
2017.08.11 02:15:40.911,1.0809,1.08106,1.00,1.00
2017.08.11 02:15:41.900,1.0809,1.08107,1.00,1.00
2017.08.11 02:15:42.458,1.0809,1.08106,1.00,1.00
2017.08.11 02:15:42.993,1.0809,1.08107,1.00,1.00
2017.08.11 02:15:43.541,1.0809,1.08106,1.00,1.00
2017.08.11 02:15:45.003,1.0809,1.08107,1.00,1.00
2017.08.11 02:15:45.580,1.0809,1.08106,1.00,1.12
2017.08.11 02:15:47.789,1.08089,1.08106,1.00,1.12
2017.08.11 02:15:48.787,1.08089,1.08105,1.00,1.00
2017.08.11 02:15:49.334,1.08088,1.08106,1.00,1.12
2017.08.11 02:15:49.870,1.08088,1.08105,1.00,1.00
2017.08.11 02:15:50.379,1.08088,1.08106,1.00,1.12
2017.08.11 02:15:50.953,1.08088,1.08105,1.00,1.00
2017.08.11 02:15:51.683,1.08088,1.08106,1.00,1.12
2017.08.11 02:15:53.143,1.08088,1.08105,1.00,1.00
2017.08.11 02:15:54.153,1.08088,1.08106,1.00,1.12
2017.08.11 02:15:54.813,1.08088,1.08105,1.00,1.00
2017.08.11 02:15:55.455,1.08088,1.08107,1.00,1.37
2017.08.11 02:15:56.946,1.08088,1.08105,1.00,1.00
2017.08.11 02:15:57.460,1.08088,1.08106,1.00,1.12
2017.08.11 02:15:57.969,1.08088,1.08105,1.00,1.00
2017.08.11 02:15:58.402,1.08088,1.08107,1.00,1.00
2017.08.11 02:15:58.453,1.0809,1.08111,1.00,1.50
2017.08.11 02:15:58.504,1.08091,1.08113,1.00,1.12
2017.08.11 02:15:58.605,1.08093,1.08111,1.00,1.00
2017.08.11 02:15:58.966,1.08093,1.08115,1.00,1.00
2017.08.11 02:15:59.017,1.08092,1.0811,1.00,1.00
2017.08.11 02:15:59.195,1.08096,1.08115,1.00,1.00
2017.08.11 02:15:59.400,1.08099,1.0812,1.00,2.25
2017.08.11 02:15:59.706,1.08102,1.08123,1.00,3.00
2017.08.11 02:15:59.859,1.081,1.08123,1.00,1.50
2017.08.11 02:16:00.628,1.08099,1.08119,1.00,1.50
2017.08.11 02:16:00.679,1.08099,1.08116,1.00,1.00
2017.08.11 02:16:00.781,1.08098,1.08119,1.00,1.50
2017.08.11 02:16:00.883,1.08096,1.08119,1.00,1.50
2017.08.11 02:16:01.405,1.08097,1.08119,1.00,1.50
2017.08.11 02:16:02.330,1.08096,1.0812,1.00,2.06
2017.08.11 02:16:03.370,1.08096,1.08117,1.00,1.00
2017.08.11 02:16:03.473,1.08098,1.0812,1.00,1.75
2017.08.11 02:16:03.626,1.08099,1.0812,1.00,1.00
2017.08.11 02:16:03.728,1.08101,1.0812,1.00,1.00
2017.08.11 02:16:04.033,1.08101,1.08115,1.00,1.00
2017.08.11 02:16:04.085,1.08101,1.08118,1.00,1.00
2017.08.11 02:16:04.136,1.08101,1.08121,1.00,1.31
2017.08.11 02:16:04.656,1.08102,1.08122,1.00,1.87
2017.08.11 02:16:07.645,1.08103,1.08121,1.00,1.00
2017.08.11 02:16:09.124,1.08103,1.0812,1.00,1.00
2017.08.11 02:16:09.226,1.08099,1.08117,1.00,1.00
2017.08.11 02:16:09.328,1.08099,1.08119,1.00,1.12
2017.08.11 02:16:09.430,1.081,1.08117,1.00,1.00
2017.08.11 02:16:09.481,1.08099,1.08121,1.00,2.25
2017.08.11 02:16:09.582,1.08099,1.08116,1.00,1.00
2017.08.11 02:16:09.785,1.08099,1.08118,1.00,1.12
2017.08.11 02:16:12.704,1.08099,1.08117,1.00,1.00
2017.08.11 02:16:14.173,1.08099,1.08118,1.00,1.12
2017.08.11 02:16:14.730,1.08099,1.08117,1.00,1.00
2017.08.11 02:16:16.770,1.08099,1.08119,1.00,1.50
2017.08.11 02:16:19.008,1.08099,1.08117,1.00,1.00
2017.08.11 02:16:19.161,1.081,1.08119,1.00,1.00
2017.08.11 02:16:19.212,1.08101,1.08122,1.00,1.50
2017.08.11 02:16:19.266,1.08103,1.08123,1.00,1.75
2017.08.11 02:16:19.419,1.08106,1.08125,1.00,1.00
2017.08.11 02:16:19.572,1.08108,1.08125,1.00,1.00
2017.08.11 02:16:20.108,1.08109,1.08124,1.00,1.00
2017.08.11 02:16:20.294,1.0811,1.08129,1.00,2.81
2017.08.11 02:16:20.345,1.08108,1.08128,1.00,1.50
2017.08.11 02:16:20.396,1.08108,1.08124,1.00,1.00
2017.08.11 02:16:20.940,1.08108,1.08125,1.00,1.00
2017.08.11 02:16:21.673,1.08108,1.08126,1.00,1.12
2017.08.11 02:16:22.193,1.08108,1.08125,1.00,1.00
2017.08.11 02:16:23.394,1.08108,1.08126,1.00,1.12
2017.08.11 02:16:23.912,1.08108,1.08125,1.00,1.00
2017.08.11 02:16:24.460,1.08108,1.08124,1.00,1.00
2017.08.11 02:16:25.232,1.08108,1.08125,1.00,1.00
2017.08.11 02:16:25.614,1.08108,1.08123,1.00,1.00
2017.08.11 02:16:26.216,1.08108,1.08124,1.00,1.00
2017.08.11 02:16:26.754,1.08108,1.08123,1.00,1.00
2017.08.11 02:16:28.583,1.08107,1.08123,1.00,1.00
2017.08.11 02:16:28.939,1.08107,1.08125,1.00,1.00
2017.08.11 02:16:28.990,1.08107,1.08122,1.00,1.00
2017.08.11 02:16:29.384,1.08107,1.08128,1.00,1.31
2017.08.11 02:16:29.740,1.08107,1.08124,1.00,1.00
2017.08.11 02:16:30.350,1.08107,1.08123,1.00,1.00
2017.08.11 02:16:30.864,1.08107,1.08124,1.00,1.00
2017.08.11 02:16:31.434,1.08107,1.08123,1.00,1.00
2017.08.11 02:16:31.941,1.08107,1.08124,1.00,1.00
2017.08.11 02:16:32.491,1.08107,1.08123,1.00,1.00
2017.08.11 02:16:33.734,1.08107,1.08124,1.00,1.00
2017.08.11 02:16:34.309,1.08107,1.08123,1.00,1.00
2017.08.11 02:16:34.780,1.08104,1.08123,1.00,1.00
2017.08.11 02:16:35.303,1.08104,1.08127,1.00,2.44
2017.08.11 02:16:37.955,1.08104,1.08122,1.00,1.00
2017.08.11 02:16:38.260,1.08107,1.08122,1.00,1.00
2017.08.11 02:16:38.932,1.08107,1.08123,1.00,1.00
2017.08.11 02:16:39.468,1.08107,1.08121,1.00,1.00
2017.08.11 02:16:40.070,1.08107,1.08122,1.00,1.00
2017.08.11 02:16:40.573,1.08107,1.08121,1.00,1.00
2017.08.11 02:16:40.945,1.08107,1.08123,1.00,1.00
2017.08.11 02:16:41.485,1.08106,1.08122,1.00,1.00
2017.08.11 02:16:42.027,1.08105,1.08122,1.00,1.00
2017.08.11 02:16:42.663,1.08105,1.08123,1.00,1.00
2017.08.11 02:16:43.164,1.08105,1.08122,1.00,1.00
2017.08.11 02:16:43.905,1.08105,1.08123,1.00,1.00
2017.08.11 02:16:44.444,1.08106,1.08122,1.00,1.00
2017.08.11 02:16:45.264,1.08106,1.08123,1.00,1.00
2017.08.11 02:16:45.783,1.08106,1.08122,1.00,1.00
2017.08.11 02:16:46.382,1.08106,1.08125,1.00,1.50
2017.08.11 02:16:46.604,1.08106,1.08122,1.00,1.00
2017.08.11 02:16:47.324,1.08106,1.08123,1.00,1.00
2017.08.11 02:16:47.839,1.08106,1.08122,1.00,1.00
2017.08.11 02:16:49.384,1.08106,1.08123,1.00,1.00
2017.08.11 02:16:50.017,1.08106,1.08122,1.00,1.00
2017.08.11 02:16:51.500,1.08105,1.08122,1.00,1.00
2017.08.11 02:16:52.040,1.08105,1.08123,1.00,1.00
2017.08.11 02:16:52.695,1.08103,1.0812,1.00,1.00
2017.08.11 02:16:52.847,1.08104,1.08122,1.00,1.00
2017.08.11 02:16:53.354,1.08103,1.08121,1.00,1.87
2017.08.11 02:16:55.365,1.081,1.08121,1.00,1.37
2017.08.11 02:16:55.467,1.08103,1.0812,1.00,1.00
2017.08.11 02:16:55.772,1.08105,1.08122,1.00,1.00
2017.08.11 02:16:56.309,1.08104,1.08121,1.00,1.00
2017.08.11 02:16:57.932,1.08103,1.08121,1.00,1.00
2017.08.11 02:16:58.390,1.08102,1.08119,1.00,1.00
2017.08.11 02:16:58.927,1.08103,1.0812,1.00,1.00
2017.08.11 02:16:59.653,1.08103,1.08119,1.00,1.00
2017.08.11 02:16:59.756,1.08103,1.08121,1.00,1.50
2017.08.11 02:17:00.261,1.08102,1.0812,1.00,1.00
2017.08.11 02:17:00.313,1.08102,1.08118,1.00,1.00
2017.08.11 02:17:00.820,1.08101,1.08119,1.00,1.50
2017.08.11 02:17:01.358,1.08101,1.08117,1.00,1.00
2017.08.11 02:17:01.663,1.08101,1.08119,1.00,1.50
2017.08.11 02:17:03.627,1.08101,1.08117,1.00,1.00
2017.08.11 02:17:03.830,1.08101,1.08119,1.00,1.50
2017.08.11 02:17:06.930,1.08102,1.08118,1.00,1.00
2017.08.11 02:17:08.236,1.081,1.08119,1.00,1.00
2017.08.11 02:17:10.996,1.081,1.08118,1.00,1.00
2017.08.11 02:17:11.544,1.081,1.08119,1.00,1.00
2017.08.11 02:17:16.585,1.081,1.0812,1.00,1.50
2017.08.11 02:17:17.295,1.08099,1.0812,1.00,1.50
2017.08.11 02:17:18.365,1.08099,1.08119,1.00,1.00
2017.08.11 02:17:18.874,1.08099,1.08118,1.00,1.00
2017.08.11 02:17:21.605,1.08094,1.08118,1.00,1.50
2017.08.11 02:17:21.960,1.08094,1.08116,1.00,1.00
2017.08.11 02:17:23.049,1.08094,1.08117,1.00,1.00
2017.08.11 02:17:23.513,1.08101,1.08117,1.00,1.00
2017.08.11 02:17:24.063,1.08097,1.08117,1.00,1.00
2017.08.11 02:17:24.901,1.08095,1.08116,1.00,1.00
2017.08.11 02:17:24.952,1.08092,1.08111,1.50,1.37
2017.08.11 02:17:25.054,1.08089,1.08112,1.00,1.12
2017.08.11 02:17:25.105,1.08089,1.0811,1.00,1.00
2017.08.11 02:17:25.410,1.08088,1.08109,1.00,1.37
2017.08.11 02:17:25.562,1.08086,1.08108,1.00,1.12
2017.08.11 02:17:26.121,1.08087,1.0811,1.00,1.50
2017.08.11 02:17:26.172,1.08089,1.0811,1.00,2.25
2017.08.11 02:17:27.074,1.08089,1.08109,1.00,1.12
2017.08.11 02:17:27.570,1.08088,1.08107,1.00,1.00
2017.08.11 02:17:28.209,1.08088,1.08108,1.00,1.87
2017.08.11 02:17:29.289,1.08086,1.08109,1.00,2.25
2017.08.11 02:17:30.221,1.08087,1.08108,1.00,1.50
2017.08.11 02:17:30.739,1.08086,1.08107,1.00,1.00
2017.08.11 02:17:32.523,1.08088,1.08107,1.00,1.50
2017.08.11 02:17:32.575,1.08086,1.08107,1.00,1.50
2017.08.11 02:17:32.626,1.08086,1.08105,1.00,1.00
2017.08.11 02:17:35.744,1.08086,1.08106,1.00,1.00
2017.08.11 02:17:36.509,1.08086,1.08107,1.00,1.87
2017.08.11 02:17:36.847,1.08086,1.08105,1.00,1.00
2017.08.11 02:17:37.388,1.08086,1.08106,1.00,2.25
2017.08.11 02:17:38.320,1.08086,1.08107,1.00,1.50
2017.08.11 02:17:38.625,1.08088,1.08107,1.00,1.50
2017.08.11 02:17:38.960,1.08083,1.08107,1.00,1.50
2017.08.11 02:17:39.062,1.08085,1.08106,1.00,1.00
2017.08.11 02:17:39.265,1.08083,1.08106,1.00,1.50
2017.08.11 02:17:39.317,1.08082,1.08102,1.00,1.00
2017.08.11 02:17:39.368,1.0808,1.08101,1.00,1.00
2017.08.11 02:17:39.470,1.08078,1.08103,1.00,1.50
2017.08.11 02:17:39.521,1.08078,1.081,1.00,1.00
2017.08.11 02:17:39.930,1.08076,1.08098,1.00,1.12
2017.08.11 02:17:40.236,1.08085,1.08103,1.00,1.00
2017.08.11 02:17:40.426,1.08084,1.08105,1.00,1.87
2017.08.11 02:17:40.478,1.08084,1.08102,1.00,1.00
2017.08.11 02:17:41.048,1.08085,1.08102,1.00,1.00
2017.08.11 02:17:41.556,1.08085,1.08101,1.00,1.00
2017.08.11 02:17:42.144,1.08085,1.08102,1.00,1.00
2017.08.11 02:17:42.347,1.08083,1.08102,1.00,1.00
2017.08.11 02:17:42.891,1.08083,1.08101,1.00,1.00
2017.08.11 02:17:43.414,1.08083,1.08102,1.00,1.00
2017.08.11 02:17:44.194,1.08083,1.08101,1.00,1.00
2017.08.11 02:17:44.371,1.08083,1.08103,1.00,1.00
2017.08.11 02:17:44.524,1.08081,1.08103,1.00,1.00
2017.08.11 02:17:44.771,1.08081,1.08101,1.00,1.00
2017.08.11 02:17:44.923,1.0808,1.08103,1.00,1.00
2017.08.11 02:17:45.211,1.0808,1.08101,1.00,1.00
2017.08.11 02:17:45.984,1.0808,1.08102,1.00,1.50
2017.08.11 02:17:46.188,1.08075,1.08099,1.00,1.50
2017.08.11 02:17:46.462,1.08078,1.08101,1.00,2.25
2017.08.11 02:17:47.071,1.08078,1.08102,1.00,1.50
2017.08.11 02:17:47.478,1.08078,1.081,1.00,1.00
2017.08.11 02:17:48.010,1.08078,1.08099,1.00,1.00
2017.08.11 02:17:48.062,1.08078,1.08101,1.00,1.00
2017.08.11 02:17:48.113,1.08076,1.08098,1.00,1.00
2017.08.11 02:17:48.267,1.08073,1.08096,1.00,1.00
2017.08.11 02:17:48.471,1.08072,1.08095,1.00,1.37
2017.08.11 02:17:48.523,1.0807,1.08095,1.00,1.37
2017.08.11 02:17:49.031,1.08069,1.08094,1.00,1.12
2017.08.11 02:17:49.370,1.08069,1.08092,1.00,1.00
2017.08.11 02:17:49.928,1.08069,1.08093,1.00,1.50
2017.08.11 02:17:50.435,1.08068,1.08093,1.00,1.00
2017.08.11 02:17:50.974,1.08068,1.08094,2.25,1.87
2017.08.11 02:17:51.923,1.08068,1.08093,2.25,1.00
2017.08.11 02:17:52.491,1.08068,1.08092,2.25,1.00
2017.08.11 02:17:53.460,1.08068,1.08093,1.50,1.12
2017.08.11 02:17:54.064,1.08068,1.08092,1.50,1.00
2017.08.11 02:17:54.891,1.0807,1.08092,1.00,1.00
2017.08.11 02:17:54.999,1.0807,1.08094,1.00,1.00
2017.08.11 02:17:55.050,1.08074,1.081,1.12,3.00
2017.08.11 02:17:55.152,1.08077,1.08101,1.12,1.00
2017.08.11 02:17:55.458,1.08078,1.08101,1.50,1.00
2017.08.11 02:17:56.025,1.08078,1.08101,1.00,1.50
2017.08.11 02:17:56.626,1.08076,1.08095,1.50,1.00
2017.08.11 02:17:58.595,1.08076,1.08095,1.00,1.00
2017.08.11 02:17:58.697,1.08074,1.08095,1.00,1.00
2017.08.11 02:17:58.749,1.08072,1.08094,1.87,1.00
2017.08.11 02:17:58.800,1.08075,1.08092,1.00,1.00
2017.08.11 02:17:59.004,1.08073,1.08092,1.00,1.00
2017.08.11 02:17:59.207,1.08071,1.0809,2.25,1.00
2017.08.11 02:17:59.587,1.08067,1.08089,2.81,1.00
2017.08.11 02:18:00.115,1.0807,1.0809,1.00,1.00
2017.08.11 02:18:00.675,1.08068,1.08089,2.44,1.00
2017.08.11 02:18:00.726,1.08067,1.08086,1.12,1.00
2017.08.11 02:18:01.292,1.08068,1.08086,1.50,1.00
2017.08.11 02:18:01.806,1.08067,1.08086,1.12,1.00
2017.08.11 02:18:02.384,1.08069,1.08086,1.00,1.00
2017.08.11 02:18:05.196,1.08068,1.08086,1.00,1.00
2017.08.11 02:18:05.738,1.08069,1.08086,1.00,1.00
2017.08.11 02:18:08.866,1.08069,1.08088,1.00,1.00
2017.08.11 02:18:09.278,1.08071,1.08088,1.00,1.00
2017.08.11 02:18:09.532,1.08069,1.08088,1.12,1.00
2017.08.11 02:18:12.655,1.0807,1.08087,1.00,1.00
2017.08.11 02:18:13.161,1.08067,1.08088,1.75,1.00
2017.08.11 02:18:14.438,1.08064,1.08089,3.56,1.00
2017.08.11 02:18:15.205,1.08062,1.08086,3.94,1.00
2017.08.11 02:18:15.256,1.08063,1.08082,1.12,1.00
2017.08.11 02:18:15.629,1.08063,1.0808,1.00,1.00
2017.08.11 02:18:15.884,1.08065,1.08083,1.00,1.00
2017.08.11 02:18:16.036,1.08064,1.08083,1.75,1.00
2017.08.11 02:18:17.191,1.08058,1.08078,1.50,1.12
2017.08.11 02:18:17.242,1.08056,1.08077,1.12,1.00
2017.08.11 02:18:17.344,1.08055,1.08075,1.87,1.00
2017.08.11 02:18:17.599,1.08057,1.0808,1.87,1.00
2017.08.11 02:18:17.650,1.0806,1.08078,1.00,1.00
2017.08.11 02:18:18.159,1.08058,1.08078,1.50,1.00
2017.08.11 02:18:19.460,1.08058,1.08075,1.00,1.00
2017.08.11 02:18:19.818,1.08057,1.08075,1.37,1.00
2017.08.11 02:18:19.869,1.08059,1.08076,1.00,1.00
2017.08.11 02:18:19.920,1.08056,1.08074,1.37,1.00
2017.08.11 02:18:20.218,1.08058,1.08077,1.12,1.00
2017.08.11 02:18:20.575,1.08062,1.08077,1.00,1.00
2017.08.11 02:18:20.676,1.08058,1.08077,3.37,1.00
2017.08.11 02:18:21.417,1.0806,1.08078,1.00,1.00
2017.08.11 02:18:21.570,1.08059,1.08075,1.12,1.00
2017.08.11 02:18:23.686,1.08064,1.08083,1.87,1.00
2017.08.11 02:18:23.790,1.08068,1.08087,1.50,1.00
2017.08.11 02:18:23.892,1.08067,1.08087,1.37,1.00
2017.08.11 02:18:24.846,1.08068,1.08085,1.87,1.00
2017.08.11 02:18:25.151,1.08067,1.08083,1.12,1.00
2017.08.11 02:18:27.657,1.08063,1.08081,1.00,1.00
2017.08.11 02:18:27.708,1.08063,1.08081,1.37,1.00
2017.08.11 02:18:27.860,1.08064,1.08083,1.87,1.00
2017.08.11 02:18:28.368,1.08067,1.08084,1.00,1.00
2017.08.11 02:18:29.408,1.08066,1.08084,1.50,1.00
2017.08.11 02:18:29.459,1.08066,1.08086,1.50,1.00
2017.08.11 02:18:29.510,1.08068,1.08086,1.00,1.00
2017.08.11 02:18:30.173,1.08069,1.08087,1.00,1.01
2017.08.11 02:18:30.704,1.08068,1.08087,1.00,1.01
2017.08.11 02:18:31.246,1.08069,1.08087,1.12,1.01
2017.08.11 02:18:31.628,1.08069,1.08084,1.00,1.00
2017.08.11 02:18:31.832,1.08067,1.08084,1.12,1.00
2017.08.11 02:18:32.355,1.08066,1.08083,1.50,1.00
2017.08.11 02:18:33.491,1.08063,1.0808,1.50,1.00
2017.08.11 02:18:33.823,1.08063,1.08078,1.00,1.00
2017.08.11 02:18:33.874,1.08057,1.08075,2.25,1.00
2017.08.11 02:18:34.705,1.08059,1.08075,1.00,1.00
2017.08.11 02:18:35.236,1.08057,1.08075,2.25,1.00
2017.08.11 02:18:37.337,1.08057,1.08073,1.50,1.00
2017.08.11 02:18:37.846,1.08058,1.08073,1.00,1.00
2017.08.11 02:18:38.162,1.08058,1.08075,1.19,1.00
2017.08.11 02:18:38.468,1.0806,1.08079,2.25,1.01
2017.08.11 02:18:38.824,1.08059,1.08077,1.19,1.00
2017.08.11 02:18:38.875,1.08058,1.08077,1.00,1.00
2017.08.11 02:18:38.977,1.0806,1.08077,1.00,1.00
2017.08.11 02:18:39.282,1.08059,1.08079,1.69,1.01
2017.08.11 02:18:39.905,1.08061,1.08079,1.50,1.00
2017.08.11 02:18:40.253,1.08064,1.08081,1.00,1.01
2017.08.11 02:18:40.305,1.08061,1.08083,3.00,1.00
2017.08.11 02:18:40.787,1.08062,1.08083,2.06,1.00
2017.08.11 02:18:41.352,1.08061,1.08082,2.44,1.00
2017.08.11 02:18:45.067,1.08061,1.08084,1.19,1.00
2017.08.11 02:18:47.856,1.08061,1.08086,3.19,1.00
2017.08.11 02:18:48.009,1.0806,1.08083,1.69,1.00
2017.08.11 02:18:48.516,1.08059,1.08084,2.06,1.00
2017.08.11 02:18:49.994,1.08062,1.08085,1.00,1.00
2017.08.11 02:18:53.125,1.08062,1.08086,1.00,1.84
2017.08.11 02:18:53.226,1.08062,1.08086,1.00,1.00
2017.08.11 02:18:53.328,1.08062,1.08084,1.00,1.00
2017.08.11 02:18:53.832,1.08061,1.08084,1.00,1.00
2017.08.11 02:18:54.405,1.08065,1.08084,1.00,1.00
2017.08.11 02:18:54.818,1.08068,1.08085,1.00,1.50
2017.08.11 02:18:55.368,1.08068,1.08084,1.00,1.00
2017.08.11 02:18:57.002,1.08066,1.08083,1.00,1.00
2017.08.11 02:18:57.891,1.08065,1.08082,1.00,1.00
2017.08.11 02:18:58.312,1.08063,1.0808,1.00,1.00
2017.08.11 02:18:58.516,1.08063,1.08082,1.00,1.50
2017.08.11 02:18:59.026,1.08064,1.08082,1.00,1.37
2017.08.11 02:18:59.540,1.08063,1.08082,1.00,1.37
2017.08.11 02:19:00.047,1.08065,1.08082,1.00,1.37
2017.08.11 02:19:01.351,1.08061,1.08083,1.00,1.37
2017.08.11 02:19:01.857,1.08059,1.08079,1.00,1.50
2017.08.11 02:19:01.911,1.08057,1.08078,1.00,1.12
2017.08.11 02:19:01.962,1.08057,1.08076,1.00,1.00
2017.08.11 02:19:02.013,1.08057,1.08078,1.00,1.12
2017.08.11 02:19:02.065,1.08057,1.08075,1.00,1.00
2017.08.11 02:19:02.574,1.08058,1.08075,1.00,1.00
2017.08.11 02:19:03.101,1.08058,1.08076,1.00,1.00
2017.08.11 02:19:03.762,1.08059,1.08076,1.00,1.00
2017.08.11 02:19:05.020,1.08059,1.08077,1.00,1.00
2017.08.11 02:19:05.525,1.08058,1.0808,1.00,1.50
2017.08.11 02:19:06.766,1.08058,1.0808,1.00,1.50
2017.08.11 02:19:09.036,1.08058,1.0808,1.00,2.25
2017.08.11 02:19:09.656,1.08059,1.0808,1.00,2.25
2017.08.11 02:19:09.961,1.0806,1.08077,1.00,1.37
2017.08.11 02:19:10.527,1.08059,1.08076,1.00,1.37
2017.08.11 02:19:10.781,1.08059,1.08078,1.00,1.12
2017.08.11 02:19:11.125,1.0806,1.08076,1.00,1.00
2017.08.11 02:19:11.649,1.08061,1.08077,1.00,1.00
2017.08.11 02:19:12.344,1.08061,1.08076,1.00,1.00
2017.08.11 02:19:12.894,1.08061,1.08077,1.00,1.00
2017.08.11 02:19:13.427,1.08061,1.08076,1.00,1.00
2017.08.11 02:19:13.681,1.08062,1.08078,1.00,1.00
2017.08.11 02:19:13.733,1.08062,1.08082,1.00,2.25
2017.08.11 02:19:13.784,1.08062,1.08082,1.00,1.50
2017.08.11 02:19:13.835,1.08061,1.08082,1.00,1.12
2017.08.11 02:19:14.355,1.08062,1.08082,1.00,1.87
2017.08.11 02:19:14.457,1.08062,1.0808,1.00,1.00
2017.08.11 02:19:14.967,1.08062,1.08079,1.00,1.00
2017.08.11 02:19:15.119,1.08062,1.08081,1.00,1.00
2017.08.11 02:19:16.216,1.08062,1.0808,1.00,1.00
2017.08.11 02:19:16.729,1.08061,1.08079,1.00,1.00
2017.08.11 02:19:17.068,1.08061,1.08077,1.00,1.00
2017.08.11 02:19:17.667,1.08061,1.08078,1.00,2.25
2017.08.11 02:19:19.041,1.08061,1.08077,1.00,1.00
2017.08.11 02:19:19.793,1.08061,1.08078,1.00,1.00
2017.08.11 02:19:20.929,1.08061,1.08077,1.00,1.00
2017.08.11 02:19:22.363,1.08061,1.08078,1.00,1.00
2017.08.11 02:19:23.042,1.08061,1.08077,1.00,1.00
2017.08.11 02:19:23.478,1.08061,1.08079,1.00,1.50
2017.08.11 02:19:23.529,1.08061,1.08077,1.00,1.00
2017.08.11 02:19:24.041,1.08059,1.08078,1.00,1.00
2017.08.11 02:19:24.093,1.08061,1.08079,1.00,1.00
2017.08.11 02:19:24.245,1.08062,1.08081,1.00,1.87
2017.08.11 02:19:24.450,1.08061,1.08079,1.00,1.00
2017.08.11 02:19:24.968,1.08061,1.08082,1.00,2.25
2017.08.11 02:19:33.914,1.08061,1.08078,1.00,1.00
2017.08.11 02:19:34.433,1.08061,1.08079,1.00,1.00
2017.08.11 02:19:34.970,1.08061,1.08078,1.00,1.00
2017.08.11 02:19:35.397,1.08057,1.08079,1.00,1.87
2017.08.11 02:19:35.499,1.08058,1.08074,1.00,1.00
2017.08.11 02:19:35.652,1.08058,1.08076,1.00,1.00
2017.08.11 02:19:35.703,1.0806,1.08076,1.00,1.50
2017.08.11 02:19:35.805,1.0806,1.08078,1.00,1.50
2017.08.11 02:19:35.907,1.0806,1.08076,1.00,1.50
2017.08.11 02:19:36.212,1.08059,1.08074,1.00,1.00
2017.08.11 02:19:36.516,1.08061,1.08077,1.00,1.50
2017.08.11 02:19:37.265,1.08061,1.08078,1.00,1.12
2017.08.11 02:19:37.519,1.08064,1.08081,1.00,1.87
2017.08.11 02:19:37.570,1.08062,1.08081,1.00,1.00
2017.08.11 02:19:37.621,1.08064,1.08083,1.00,3.75
2017.08.11 02:19:38.128,1.08063,1.08081,1.00,1.00
2017.08.11 02:19:38.638,1.08064,1.08081,1.00,1.00
2017.08.11 02:19:39.224,1.08064,1.08082,1.00,1.00
2017.08.11 02:19:39.420,1.08062,1.08081,1.00,1.12
2017.08.11 02:19:39.573,1.08061,1.08077,1.00,1.00
2017.08.11 02:19:39.979,1.08059,1.08076,1.00,1.00
2017.08.11 02:19:40.495,1.08059,1.08077,1.00,1.00
2017.08.11 02:19:41.002,1.08059,1.08078,1.00,1.50
2017.08.11 02:19:41.512,1.0806,1.08078,1.00,1.00
2017.08.11 02:19:42.249,1.0806,1.08079,1.00,1.00
2017.08.11 02:19:42.706,1.08061,1.08077,1.00,1.00
2017.08.11 02:19:43.231,1.08061,1.08076,1.00,1.00
2017.08.11 02:19:43.588,1.08059,1.08078,1.00,1.87
2017.08.11 02:19:44.117,1.0806,1.08077,1.00,1.75
2017.08.11 02:19:45.010,1.0806,1.08079,1.00,1.00
2017.08.11 02:19:45.062,1.08062,1.08078,1.00,1.00
2017.08.11 02:19:45.164,1.08062,1.0808,1.00,1.00
2017.08.11 02:19:45.266,1.08062,1.08078,1.00,1.00
2017.08.11 02:19:45.824,1.0806,1.08079,1.00,1.00
2017.08.11 02:19:46.331,1.08061,1.08079,1.00,1.50
2017.08.11 02:19:46.382,1.08062,1.08077,1.00,1.00
2017.08.11 02:19:46.737,1.08062,1.0808,1.00,1.12
2017.08.11 02:19:47.595,1.08062,1.08078,1.00,1.00
2017.08.11 02:19:47.697,1.0806,1.0808,1.00,1.00
2017.08.11 02:19:47.749,1.08062,1.0808,1.00,1.00
2017.08.11 02:19:47.901,1.08062,1.08082,1.00,1.50
2017.08.11 02:19:47.952,1.08062,1.0808,1.00,1.00
2017.08.11 02:19:48.462,1.08063,1.0808,1.00,1.00
2017.08.11 02:19:48.973,1.08063,1.08079,1.00,1.00
2017.08.11 02:19:49.420,1.08064,1.08081,1.00,1.00
2017.08.11 02:19:49.929,1.08064,1.08082,1.00,1.00
2017.08.11 02:19:52.807,1.08064,1.08083,1.00,1.00
2017.08.11 02:19:53.403,1.08064,1.08082,1.00,1.00
2017.08.11 02:19:53.970,1.08064,1.08083,1.00,1.00
2017.08.11 02:19:58.370,1.08065,1.08082,1.00,1.00
2017.08.11 02:19:58.522,1.08066,1.08084,1.00,1.00
2017.08.11 02:19:59.142,1.08066,1.08083,1.00,1.00
2017.08.11 02:20:00.165,1.08066,1.08084,1.00,1.00
2017.08.11 02:20:00.744,1.08066,1.08085,1.00,1.87
2017.08.11 02:20:01.278,1.08066,1.08084,1.00,1.00
2017.08.11 02:20:01.740,1.08063,1.08081,1.00,1.00
2017.08.11 02:20:01.891,1.0806,1.08081,1.00,2.25
2017.08.11 02:20:01.942,1.08062,1.08083,1.00,1.87
2017.08.11 02:20:02.044,1.0806,1.08081,1.00,1.12
2017.08.11 02:20:02.146,1.08059,1.08079,1.00,1.00
2017.08.11 02:20:02.452,1.08058,1.08075,1.00,1.12
2017.08.11 02:20:02.757,1.08057,1.08073,1.00,1.00
2017.08.11 02:20:03.063,1.08059,1.08075,1.00,1.50
2017.08.11 02:20:03.569,1.0806,1.08076,1.00,1.50
2017.08.11 02:20:04.078,1.0806,1.08077,1.00,1.12
2017.08.11 02:20:04.941,1.08061,1.08078,1.00,1.50
2017.08.11 02:20:05.295,1.08063,1.0808,1.00,1.12
2017.08.11 02:20:05.702,1.08063,1.08082,1.00,1.00
2017.08.11 02:20:05.856,1.08061,1.08082,1.00,1.12
2017.08.11 02:20:05.909,1.08063,1.08082,1.00,1.00
2017.08.11 02:20:06.112,1.08064,1.08085,1.00,1.50
2017.08.11 02:20:06.265,1.08066,1.08084,1.00,1.00
2017.08.11 02:20:06.469,1.08068,1.08087,1.00,1.50
2017.08.11 02:20:06.573,1.08068,1.08085,1.00,1.00
2017.08.11 02:20:07.282,1.08068,1.08084,1.00,1.00
2017.08.11 02:20:07.839,1.08068,1.08085,1.00,1.00
2017.08.11 02:20:08.799,1.08069,1.08085,1.00,1.00
2017.08.11 02:20:09.491,1.08069,1.08086,1.00,1.50
2017.08.11 02:20:10.317,1.08069,1.08087,1.00,1.00
2017.08.11 02:20:10.703,1.08071,1.08087,1.00,1.00
2017.08.11 02:20:11.058,1.08072,1.08089,1.00,1.00
2017.08.11 02:20:11.599,1.08072,1.0809,1.00,1.00
2017.08.11 02:20:13.846,1.08073,1.0809,1.00,1.00
2017.08.11 02:20:13.897,1.08073,1.08092,1.00,1.50
2017.08.11 02:20:13.948,1.08075,1.08092,1.00,1.50
2017.08.11 02:20:14.489,1.08075,1.08091,1.00,1.50
2017.08.11 02:20:18.739,1.08076,1.08091,1.00,1.00
2017.08.11 02:20:19.458,1.08076,1.08092,1.00,1.00
2017.08.11 02:20:19.664,1.08076,1.08094,1.00,1.50
2017.08.11 02:20:20.178,1.08077,1.08094,1.00,1.50
2017.08.11 02:20:20.700,1.08078,1.08094,1.00,1.50
2017.08.11 02:20:21.088,1.0808,1.08095,1.00,1.00
2017.08.11 02:20:22.234,1.0808,1.08096,1.00,1.00
2017.08.11 02:20:22.864,1.08079,1.08094,1.00,1.00
2017.08.11 02:20:23.408,1.08078,1.08093,1.00,1.00
2017.08.11 02:20:25.738,1.08078,1.08094,1.00,1.00
2017.08.11 02:20:25.941,1.08079,1.08096,1.00,1.00
2017.08.11 02:20:27.911,1.08079,1.08095,1.00,1.00
2017.08.11 02:20:28.293,1.08079,1.08093,1.00,1.00
2017.08.11 02:20:30.400,1.08079,1.08095,1.00,1.00
2017.08.11 02:20:30.502,1.08079,1.08098,1.00,1.00
2017.08.11 02:20:30.604,1.08081,1.08099,1.00,1.12
2017.08.11 02:20:30.858,1.08081,1.08101,1.00,1.12
2017.08.11 02:20:30.909,1.08081,1.08099,1.00,1.00
2017.08.11 02:20:32.390,1.08081,1.08101,1.00,1.12
2017.08.11 02:20:32.492,1.08083,1.08105,1.00,1.12
2017.08.11 02:20:33.012,1.08084,1.08106,1.00,1.75
2017.08.11 02:20:34.309,1.08085,1.08106,1.00,1.75
2017.08.11 02:20:40.338,1.08083,1.08106,1.00,1.75
2017.08.11 02:20:40.933,1.08084,1.08107,1.00,1.75
2017.08.11 02:20:47.385,1.08086,1.08105,1.00,1.75
2017.08.11 02:20:50.376,1.08085,1.08102,1.00,1.00
2017.08.11 02:20:50.992,1.08084,1.08102,1.00,1.00
2017.08.11 02:20:51.509,1.08084,1.08101,1.00,1.00
2017.08.11 02:20:51.841,1.08081,1.08098,1.00,1.12
2017.08.11 02:20:51.943,1.08081,1.08101,1.00,1.50
2017.08.11 02:20:52.149,1.08083,1.081,1.00,1.00
2017.08.11 02:20:52.689,1.08082,1.08101,1.00,1.12
2017.08.11 02:20:53.376,1.08082,1.081,1.00,1.00
2017.08.11 02:20:53.899,1.08083,1.08101,1.00,1.12
2017.08.11 02:20:54.522,1.08083,1.081,1.00,1.00
2017.08.11 02:20:54.950,1.0808,1.08101,1.00,1.12
2017.08.11 02:20:55.203,1.08078,1.08105,1.50,2.25
2017.08.11 02:20:55.827,1.08079,1.08101,1.00,1.12
2017.08.11 02:20:56.578,1.08079,1.081,1.00,1.00
2017.08.11 02:20:56.873,1.0808,1.08099,1.00,1.50
2017.08.11 02:20:57.279,1.08078,1.08103,1.00,1.75
2017.08.11 02:20:57.963,1.0808,1.081,1.00,1.50
2017.08.11 02:20:58.567,1.08079,1.08101,1.50,1.75
2017.08.11 02:21:01.541,1.08079,1.08103,1.00,2.25
2017.08.11 02:21:01.643,1.08073,1.08096,1.50,1.87
2017.08.11 02:21:01.694,1.08074,1.08093,1.00,1.50
2017.08.11 02:21:01.999,1.08074,1.08095,1.00,1.50
2017.08.11 02:21:02.303,1.08075,1.08097,1.00,1.12
2017.08.11 02:21:02.355,1.08075,1.08095,1.00,1.00
2017.08.11 02:21:02.507,1.08076,1.081,1.00,2.62
2017.08.11 02:21:03.034,1.08075,1.08099,1.50,1.75
2017.08.11 02:21:05.060,1.08078,1.081,1.00,2.62
2017.08.11 02:21:05.415,1.08075,1.08095,1.50,1.12
2017.08.11 02:21:05.466,1.08073,1.08092,1.50,1.50
2017.08.11 02:21:08.657,1.08073,1.08094,1.00,1.50
2017.08.11 02:21:08.708,1.08075,1.08093,1.00,1.12
2017.08.11 02:21:08.810,1.08077,1.08099,1.00,2.00
2017.08.11 02:21:08.913,1.08077,1.08095,1.00,1.00
2017.08.11 02:21:09.124,1.08079,1.08098,1.00,1.00
2017.08.11 02:21:09.226,1.08077,1.08097,1.50,1.00
2017.08.11 02:21:09.585,1.08076,1.08098,1.00,1.75
2017.08.11 02:21:09.637,1.08076,1.08099,1.00,3.00
2017.08.11 02:21:09.739,1.08074,1.08095,1.50,1.00
2017.08.11 02:21:09.942,1.08076,1.08099,1.00,2.00
2017.08.11 02:21:13.964,1.08075,1.08096,1.50,1.12
2017.08.11 02:21:14.269,1.08074,1.08094,1.00,1.00
2017.08.11 02:21:14.778,1.08074,1.0809,1.00,1.00
2017.08.11 02:21:14.829,1.08074,1.08093,1.00,1.50
2017.08.11 02:21:15.359,1.08075,1.08099,1.00,3.94
2017.08.11 02:21:15.866,1.08077,1.08099,1.00,2.44
2017.08.11 02:21:16.390,1.08078,1.08096,1.00,1.12
2017.08.11 02:21:16.695,1.0808,1.08097,1.00,1.00
2017.08.11 02:21:17.276,1.0808,1.08098,1.00,1.12
2017.08.11 02:21:18.261,1.08081,1.081,1.00,1.75
2017.08.11 02:21:19.136,1.08081,1.081,1.00,1.00
2017.08.11 02:21:19.660,1.08081,1.08099,1.00,1.00
2017.08.11 02:21:21.559,1.08081,1.081,1.00,1.00
2017.08.11 02:21:21.719,1.08083,1.081,1.00,1.00
2017.08.11 02:21:22.252,1.08083,1.081,1.00,1.75
2017.08.11 02:21:24.384,1.08083,1.08103,1.00,1.12
2017.08.11 02:21:25.338,1.0808,1.08101,1.50,1.50
2017.08.11 02:21:26.117,1.08081,1.08102,1.00,1.75
2017.08.11 02:21:27.299,1.08079,1.08102,2.25,1.75
2017.08.11 02:21:28.273,1.08079,1.08098,1.00,1.00
2017.08.11 02:21:28.780,1.08078,1.08098,1.00,1.00
2017.08.11 02:21:29.957,1.08079,1.08098,1.00,1.00
2017.08.11 02:21:30.408,1.08083,1.08099,1.00,1.00
2017.08.11 02:21:31.071,1.08083,1.08098,1.00,1.00
2017.08.11 02:21:32.218,1.08083,1.08099,1.00,1.00
2017.08.11 02:21:32.544,1.0808,1.081,1.00,1.12
2017.08.11 02:21:32.595,1.0808,1.08096,1.00,1.00
2017.08.11 02:21:32.697,1.0808,1.081,1.00,1.12
2017.08.11 02:21:33.469,1.0808,1.08099,1.00,1.00
2017.08.11 02:21:33.621,1.0808,1.08097,1.00,1.00
2017.08.11 02:21:33.774,1.0808,1.08099,1.00,1.00
2017.08.11 02:21:34.092,1.08077,1.081,1.50,1.75
2017.08.11 02:21:34.194,1.0808,1.08097,1.00,1.12
2017.08.11 02:21:35.149,1.0808,1.08099,1.00,1.12
2017.08.11 02:21:36.101,1.08081,1.081,1.00,1.50
2017.08.11 02:21:36.203,1.08081,1.08103,1.50,1.87
2017.08.11 02:21:36.254,1.0808,1.08099,1.00,1.00
2017.08.11 02:21:36.803,1.0808,1.081,1.00,1.00
2017.08.11 02:21:37.384,1.0808,1.08101,1.00,1.00
2017.08.11 02:21:37.902,1.08081,1.081,1.00,1.00
2017.08.11 02:21:38.145,1.08081,1.08102,1.50,1.12
2017.08.11 02:21:38.650,1.08081,1.08101,1.00,1.00
2017.08.11 02:21:39.221,1.08081,1.08102,1.00,1.12
2017.08.11 02:21:39.763,1.0808,1.08102,2.25,1.12
2017.08.11 02:21:40.730,1.0808,1.08101,2.25,1.00
2017.08.11 02:21:41.270,1.0808,1.08102,1.00,1.12
2017.08.11 02:21:41.508,1.08083,1.08106,1.00,2.25
2017.08.11 02:21:41.812,1.08085,1.08108,1.00,2.25
2017.08.11 02:21:42.617,1.08085,1.08107,1.00,1.00
2017.08.11 02:21:42.668,1.08085,1.08102,1.00,1.00
2017.08.11 02:21:42.719,1.08087,1.08105,1.00,1.50
2017.08.11 02:21:42.771,1.08087,1.08102,1.00,1.00
2017.08.11 02:21:42.822,1.08084,1.08102,1.00,1.50
2017.08.11 02:21:43.342,1.08085,1.08101,1.00,1.12
2017.08.11 02:21:43.444,1.08083,1.08101,1.00,1.12
2017.08.11 02:21:43.672,1.08085,1.08102,1.00,1.50
2017.08.11 02:21:44.579,1.08084,1.08105,1.00,1.50
2017.08.11 02:21:44.682,1.08084,1.08107,1.00,1.12
2017.08.11 02:21:44.784,1.08087,1.08109,1.00,1.87
2017.08.11 02:21:46.144,1.08089,1.08109,1.00,1.87
2017.08.11 02:21:47.683,1.08086,1.08109,1.00,1.12
2017.08.11 02:21:49.515,1.08085,1.08109,1.00,1.87
2017.08.11 02:21:49.566,1.08083,1.08103,1.00,1.12
2017.08.11 02:21:49.617,1.08083,1.08102,1.00,1.75
2017.08.11 02:21:49.668,1.0808,1.081,1.00,1.12
2017.08.11 02:21:50.176,1.0808,1.08099,1.00,1.00
2017.08.11 02:21:50.278,1.0808,1.08104,1.00,1.50
2017.08.11 02:21:50.380,1.08083,1.08106,1.00,1.37
2017.08.11 02:21:50.898,1.08082,1.08106,1.00,1.12
2017.08.11 02:21:53.801,1.08082,1.08106,1.00,1.50
2017.08.11 02:21:56.041,1.08083,1.08107,1.00,2.25
2017.08.11 02:21:56.092,1.08081,1.08107,1.00,2.25
2017.08.11 02:21:57.640,1.08082,1.08105,1.00,1.00
2017.08.11 02:21:57.998,1.08084,1.08107,1.00,1.50
2017.08.11 02:21:59.169,1.08084,1.08108,1.00,2.62
2017.08.11 02:22:00.159,1.08083,1.08103,1.00,1.00
2017.08.11 02:22:03.288,1.08083,1.08106,1.00,1.37
2017.08.11 02:22:06.105,1.08084,1.08107,1.00,1.50
2017.08.11 02:22:06.502,1.08084,1.08107,1.00,1.50
2017.08.11 02:22:06.587,1.08084,1.08107,1.00,1.50
2017.08.11 02:22:06.639,1.08081,1.08103,1.00,1.00
2017.08.11 02:22:07.311,1.08081,1.08104,1.00,1.00
2017.08.11 02:22:08.347,1.08081,1.08104,1.50,1.37
2017.08.11 02:22:08.398,1.0808,1.081,1.00,1.00
2017.08.11 02:22:08.449,1.08078,1.08101,1.00,1.37
2017.08.11 02:22:08.693,1.08078,1.08102,1.50,1.12
2017.08.11 02:22:08.745,1.08079,1.081,1.00,1.00
2017.08.11 02:22:09.258,1.0808,1.081,1.00,1.00
2017.08.11 02:22:09.914,1.08079,1.081,1.50,1.00
2017.08.11 02:22:10.066,1.08079,1.08102,1.00,1.12
2017.08.11 02:22:12.536,1.08078,1.08102,1.50,1.12
2017.08.11 02:22:12.689,1.0808,1.08104,1.00,1.75
2017.08.11 02:22:13.212,1.0808,1.08101,1.50,1.00
2017.08.11 02:22:13.851,1.0808,1.08102,1.50,1.12
2017.08.11 02:22:14.202,1.08081,1.08099,1.00,1.00
2017.08.11 02:22:14.753,1.0808,1.08099,1.00,1.00
2017.08.11 02:22:15.301,1.0808,1.081,1.00,1.12
2017.08.11 02:22:15.851,1.08079,1.08099,1.00,1.00
2017.08.11 02:22:16.621,1.0808,1.08099,1.00,1.00
2017.08.11 02:22:17.281,1.08079,1.08103,1.00,1.75
2017.08.11 02:22:17.332,1.08078,1.08103,1.50,1.50
2017.08.11 02:22:20.352,1.08079,1.08103,1.00,1.50
2017.08.11 02:22:20.809,1.08079,1.081,1.00,1.00
2017.08.11 02:22:20.911,1.08077,1.08099,2.25,1.00
2017.08.11 02:22:21.439,1.08077,1.081,2.25,1.00
2017.08.11 02:22:21.958,1.08077,1.08099,2.25,1.00
2017.08.11 02:22:22.663,1.08077,1.081,2.25,1.12
2017.08.11 02:22:23.188,1.08077,1.08099,2.25,1.00
2017.08.11 02:22:24.178,1.08077,1.081,2.25,1.12
2017.08.11 02:22:26.293,1.08079,1.081,1.00,1.12
2017.08.11 02:22:26.947,1.08079,1.08099,1.50,1.00
2017.08.11 02:22:27.537,1.08079,1.081,1.50,1.12
2017.08.11 02:22:28.331,1.08079,1.08099,1.50,1.00
2017.08.11 02:22:29.253,1.08079,1.081,1.00,1.00
2017.08.11 02:22:29.762,1.08079,1.08099,1.00,1.00
2017.08.11 02:22:30.518,1.08079,1.081,1.00,1.00
2017.08.11 02:22:31.053,1.08079,1.08099,1.00,1.00
2017.08.11 02:22:33.062,1.08079,1.081,1.00,1.00
2017.08.11 02:22:33.667,1.0808,1.081,1.50,1.00
2017.08.11 02:22:35.275,1.0808,1.08101,1.50,1.00
2017.08.11 02:22:35.833,1.0808,1.081,1.00,1.00
2017.08.11 02:22:37.742,1.0808,1.08102,1.00,1.00
2017.08.11 02:22:38.388,1.08081,1.08102,1.00,1.00
2017.08.11 02:22:38.727,1.08081,1.08099,1.00,1.00
2017.08.11 02:22:39.332,1.08081,1.081,1.00,1.00
2017.08.11 02:22:39.966,1.08081,1.08099,1.00,1.00
2017.08.11 02:22:40.557,1.08081,1.081,1.00,1.00
2017.08.11 02:22:41.828,1.08081,1.08099,1.00,1.00
2017.08.11 02:22:42.438,1.08081,1.081,1.00,1.00
2017.08.11 02:22:43.189,1.08081,1.08099,1.00,1.00
2017.08.11 02:22:43.728,1.08081,1.081,1.00,1.00
2017.08.11 02:22:49.090,1.08081,1.08099,1.00,1.00
2017.08.11 02:22:50.557,1.08081,1.081,1.00,1.00
2017.08.11 02:22:51.960,1.08081,1.08099,1.00,1.00
2017.08.11 02:22:52.012,1.08079,1.08103,1.00,1.50
2017.08.11 02:22:52.113,1.08079,1.08101,1.00,1.00
2017.08.11 02:22:52.648,1.08077,1.08101,2.25,1.00
2017.08.11 02:22:53.275,1.08078,1.08101,1.00,1.00
2017.08.11 02:22:55.260,1.08077,1.08101,1.00,1.00
2017.08.11 02:23:01.720,1.08078,1.08102,1.00,1.00
2017.08.11 02:23:02.101,1.08082,1.08105,1.00,1.00
2017.08.11 02:23:02.406,1.08088,1.08109,1.00,1.37
2017.08.11 02:23:03.066,1.08089,1.08115,1.00,2.25
2017.08.11 02:23:05.910,1.08091,1.08115,1.00,1.75
2017.08.11 02:23:06.532,1.08092,1.08112,1.00,1.37
2017.08.11 02:23:06.853,1.08092,1.08112,1.00,1.37
2017.08.11 02:23:07.522,1.08093,1.0811,1.50,1.37
2017.08.11 02:23:10.531,1.08093,1.08113,1.50,1.00
2017.08.11 02:23:10.886,1.08095,1.08119,1.00,1.37
2017.08.11 02:23:11.104,1.08097,1.08117,1.00,1.37
2017.08.11 02:23:13.487,1.08093,1.08116,1.50,1.37
2017.08.11 02:23:13.538,1.08089,1.08115,2.25,3.00
2017.08.11 02:23:13.589,1.0809,1.08109,1.00,1.00
2017.08.11 02:23:13.956,1.08087,1.08108,1.00,1.37
2017.08.11 02:23:16.706,1.08087,1.08107,1.50,1.12
2017.08.11 02:23:17.360,1.08087,1.08108,1.50,1.00
2017.08.11 02:23:17.665,1.08086,1.08108,2.25,1.37
2017.08.11 02:23:18.169,1.08087,1.08106,1.00,1.37
2017.08.11 02:23:18.702,1.08086,1.08106,1.00,1.37
2017.08.11 02:23:18.804,1.08083,1.08105,1.50,1.50
2017.08.11 02:23:18.855,1.08083,1.08101,1.00,1.00
2017.08.11 02:23:19.387,1.08083,1.08102,1.50,1.00
2017.08.11 02:23:20.000,1.08083,1.08101,1.50,1.00
2017.08.11 02:23:20.543,1.08084,1.08101,1.50,1.00
2017.08.11 02:23:20.775,1.08084,1.08103,1.50,1.12
2017.08.11 02:23:20.999,1.08084,1.08101,1.50,1.00
2017.08.11 02:23:21.155,1.08084,1.08103,1.00,1.00
2017.08.11 02:23:21.517,1.08085,1.08105,1.00,1.50
2017.08.11 02:23:22.028,1.08085,1.08104,1.00,1.00
2017.08.11 02:23:22.610,1.08084,1.08104,1.50,1.00
2017.08.11 02:23:23.277,1.08085,1.08103,1.00,1.00
2017.08.11 02:23:23.637,1.08085,1.08105,1.00,1.50
2017.08.11 02:23:24.317,1.08085,1.08104,1.00,1.00
2017.08.11 02:23:24.764,1.08087,1.08106,1.00,1.37
2017.08.11 02:23:25.310,1.08088,1.08106,1.00,1.37
2017.08.11 02:23:25.786,1.08089,1.08109,1.00,1.00
2017.08.11 02:23:25.938,1.08092,1.08111,1.00,1.50
2017.08.11 02:23:26.520,1.08091,1.0811,1.00,1.00
2017.08.11 02:23:26.852,1.08093,1.08111,1.00,1.50
2017.08.11 02:23:27.372,1.08092,1.08111,1.00,1.50
2017.08.11 02:23:27.917,1.08091,1.0811,2.25,1.00
2017.08.11 02:23:28.435,1.08091,1.08111,2.25,1.50
2017.08.11 02:23:29.039,1.08091,1.0811,2.25,1.00
2017.08.11 02:23:29.631,1.08091,1.0811,2.25,1.37
2017.08.11 02:23:29.939,1.08091,1.0811,1.50,1.56
2017.08.11 02:23:29.990,1.08089,1.08107,1.00,1.56
2017.08.11 02:23:30.092,1.08088,1.08107,1.00,1.56
2017.08.11 02:23:30.610,1.08087,1.08108,1.00,1.00
2017.08.11 02:23:31.121,1.08086,1.0811,1.00,1.56
2017.08.11 02:23:31.274,1.08085,1.08104,1.00,1.12
2017.08.11 02:23:31.571,1.08086,1.08106,1.00,1.50
2017.08.11 02:23:32.241,1.08085,1.08106,1.50,1.50
2017.08.11 02:23:32.745,1.08087,1.08105,1.00,1.00
2017.08.11 02:23:33.340,1.08086,1.08106,1.50,1.00
2017.08.11 02:23:33.890,1.08086,1.08105,1.50,1.00
2017.08.11 02:23:34.043,1.08084,1.08107,1.50,1.00
2017.08.11 02:23:34.550,1.08083,1.08106,1.00,1.00
2017.08.11 02:23:40.029,1.08083,1.08107,1.50,1.50
2017.08.11 02:23:41.927,1.08085,1.08107,1.00,1.00
2017.08.11 02:23:42.429,1.08085,1.08108,1.00,1.87
2017.08.11 02:23:46.804,1.08085,1.08108,1.00,1.69
2017.08.11 02:23:47.057,1.08082,1.08106,1.50,1.94
2017.08.11 02:23:48.188,1.08083,1.08106,1.00,1.31
2017.08.11 02:23:49.561,1.08083,1.08106,1.00,2.81
2017.08.11 02:23:49.833,1.08085,1.08106,1.00,1.56
2017.08.11 02:23:50.140,1.08085,1.08109,1.00,1.31
2017.08.11 02:23:50.242,1.08087,1.08109,1.00,1.31
2017.08.11 02:23:50.547,1.08088,1.08111,1.00,1.31
2017.08.11 02:23:50.665,1.08088,1.08113,1.00,1.12
2017.08.11 02:23:50.716,1.0809,1.08113,1.00,1.12
2017.08.11 02:23:50.768,1.08091,1.08115,1.00,1.87
2017.08.11 02:23:50.820,1.08093,1.08116,1.00,1.50
2017.08.11 02:23:51.126,1.08089,1.08108,1.00,1.00
2017.08.11 02:23:51.675,1.08089,1.08109,1.00,1.31
2017.08.11 02:23:52.009,1.08089,1.0811,1.00,1.56
2017.08.11 02:23:55.051,1.08089,1.08111,1.00,2.06
2017.08.11 02:23:58.324,1.08089,1.08111,1.00,1.50
2017.08.11 02:23:58.425,1.08089,1.08113,1.00,1.62
2017.08.11 02:23:58.476,1.08086,1.0811,1.50,1.00
2017.08.11 02:23:58.921,1.08088,1.08111,1.00,1.00
2017.08.11 02:23:59.438,1.08089,1.08112,1.00,1.12
2017.08.11 02:24:00.070,1.08088,1.08111,1.00,1.00
2017.08.11 02:24:00.619,1.08088,1.08112,1.00,1.12
2017.08.11 02:24:00.924,1.0809,1.08113,1.00,1.00
2017.08.11 02:24:03.232,1.08088,1.08111,1.00,1.37
2017.08.11 02:24:03.561,1.08083,1.08104,1.00,1.00
2017.08.11 02:24:04.068,1.08084,1.08103,1.00,1.12
2017.08.11 02:24:04.391,1.08082,1.08103,1.00,1.12
2017.08.11 02:24:04.493,1.08079,1.08101,1.00,1.00
2017.08.11 02:24:04.544,1.08077,1.08101,1.00,1.50
2017.08.11 02:24:04.747,1.08072,1.08098,1.00,1.00
2017.08.11 02:24:04.799,1.08072,1.08096,1.00,1.00
2017.08.11 02:24:05.107,1.08072,1.08091,1.50,1.00
2017.08.11 02:24:05.311,1.08067,1.08088,1.12,1.50
2017.08.11 02:24:05.362,1.08065,1.08084,1.12,1.00
2017.08.11 02:24:05.465,1.08061,1.08084,1.00,1.00
2017.08.11 02:24:05.516,1.08065,1.08084,1.12,1.00
2017.08.11 02:24:06.158,1.08065,1.08086,1.12,1.50
2017.08.11 02:24:07.244,1.08067,1.08086,1.00,1.00
2017.08.11 02:24:07.711,1.08065,1.08085,1.12,1.00
2017.08.11 02:24:11.438,1.08066,1.08085,1.00,1.00
2017.08.11 02:24:11.489,1.08066,1.08085,1.75,1.00
2017.08.11 02:24:16.436,1.08063,1.08085,1.00,2.06
2017.08.11 02:24:16.487,1.08061,1.08085,1.50,1.50
2017.08.11 02:24:16.538,1.0806,1.08083,1.12,1.00
2017.08.11 02:24:18.768,1.08057,1.08083,2.25,1.50
2017.08.11 02:24:19.600,1.0806,1.08084,1.00,1.50
2017.08.11 02:24:20.832,1.08062,1.08085,1.87,1.50
2017.08.11 02:24:21.947,1.08061,1.08085,1.12,2.25
2017.08.11 02:24:22.383,1.08062,1.08083,1.00,1.00
2017.08.11 02:24:22.921,1.08061,1.08084,1.00,1.00
2017.08.11 02:24:23.354,1.08062,1.08082,1.00,1.00
2017.08.11 02:24:24.230,1.08061,1.08082,1.00,1.00
2017.08.11 02:24:24.384,1.08059,1.08081,1.00,1.00
2017.08.11 02:24:24.891,1.08057,1.0808,1.50,1.50
2017.08.11 02:24:26.188,1.08056,1.08077,1.87,1.00
2017.08.11 02:24:26.239,1.08056,1.08079,1.50,1.00
2017.08.11 02:24:26.291,1.08055,1.08077,1.75,1.00
2017.08.11 02:24:26.393,1.08053,1.08076,1.00,1.56
2017.08.11 02:24:26.445,1.08055,1.08075,1.00,1.56
2017.08.11 02:24:26.547,1.08052,1.08075,1.69,1.00
2017.08.11 02:24:27.096,1.08053,1.08075,1.00,1.50
2017.08.11 02:24:27.640,1.08052,1.08076,1.50,1.00
2017.08.11 02:24:27.691,1.08053,1.08074,1.50,1.00
2017.08.11 02:24:27.999,1.08052,1.08071,1.00,1.00
2017.08.11 02:24:28.531,1.08052,1.0807,1.50,1.00
2017.08.11 02:24:29.090,1.08053,1.0807,1.00,1.00
2017.08.11 02:24:29.593,1.08052,1.0807,1.50,1.00
2017.08.11 02:24:30.077,1.08052,1.08072,1.50,1.00
2017.08.11 02:24:30.331,1.08053,1.0807,1.00,1.00
2017.08.11 02:24:30.484,1.08055,1.08073,1.00,1.00
2017.08.11 02:24:30.636,1.08053,1.08074,1.87,1.00
2017.08.11 02:24:30.790,1.08053,1.08072,1.87,1.00
2017.08.11 02:24:31.094,1.08053,1.08069,1.00,1.00
2017.08.11 02:24:31.196,1.08051,1.08069,1.00,1.00
2017.08.11 02:24:31.708,1.08052,1.08069,1.00,1.00
2017.08.11 02:24:32.384,1.08051,1.08069,1.00,1.00
2017.08.11 02:24:32.943,1.08052,1.08069,1.00,1.00
2017.08.11 02:24:33.045,1.08047,1.08069,1.00,1.00
2017.08.11 02:24:33.147,1.08044,1.08066,1.37,1.00
2017.08.11 02:24:33.835,1.08045,1.08065,1.12,1.00
2017.08.11 02:24:35.132,1.08046,1.08065,1.00,1.00
2017.08.11 02:24:36.319,1.08045,1.08065,1.50,1.00
2017.08.11 02:24:36.370,1.08045,1.08067,1.00,2.25
2017.08.11 02:24:36.473,1.08045,1.08064,1.00,1.00
2017.08.11 02:24:36.981,1.08044,1.08062,1.00,1.00
2017.08.11 02:24:37.032,1.08044,1.08064,1.00,1.00
2017.08.11 02:24:37.185,1.08044,1.08062,1.00,1.00
2017.08.11 02:24:37.861,1.08043,1.08062,1.00,1.50
2017.08.11 02:24:39.086,1.08042,1.08061,1.50,1.00
2017.08.11 02:24:39.598,1.08043,1.08061,1.00,1.12
2017.08.11 02:24:40.143,1.08043,1.08062,1.00,1.00
2017.08.11 02:24:40.599,1.08044,1.0806,1.00,1.00
2017.08.11 02:24:41.160,1.08043,1.0806,1.87,1.25
2017.08.11 02:24:41.688,1.08043,1.08061,1.00,1.25
2017.08.11 02:24:42.213,1.08044,1.08061,1.00,1.25
2017.08.11 02:24:42.551,1.08043,1.08059,1.87,1.00
2017.08.11 02:24:42.603,1.08044,1.08062,1.00,1.12
2017.08.11 02:24:42.908,1.08043,1.08059,1.00,1.00
2017.08.11 02:24:43.419,1.08043,1.08061,1.00,1.69
2017.08.11 02:24:43.724,1.08042,1.08058,1.00,1.00
