2018.03.27 05:00:00.303,1.06117,1.06138,1.38,1.50
2018.03.27 05:00:00.855,1.06117,1.0614,1.38,1.88
2018.03.27 05:00:01.008,1.06117,1.06141,1.88,1.50
2018.03.27 05:00:01.521,1.06118,1.06141,1.25,1.50
2018.03.27 05:00:01.623,1.06117,1.06139,1.00,1.00
2018.03.27 05:00:02.195,1.06117,1.06139,1.44,1.00
2018.03.27 05:00:02.452,1.06117,1.06141,1.69,3.00
2018.03.27 05:00:02.965,1.06118,1.0614,1.25,1.00
2018.03.27 05:00:04.605,1.06118,1.0614,1.19,1.13
2018.03.27 05:00:05.215,1.06118,1.0614,1.25,1.00
2018.03.27 05:00:06.291,1.06117,1.0614,2.44,1.00
2018.03.27 05:00:06.394,1.06117,1.0614,2.63,1.13
2018.03.27 05:00:06.700,1.06117,1.0614,2.44,1.00
2018.03.27 05:00:06.751,1.06117,1.0614,2.63,1.13
2018.03.27 05:00:06.963,1.06118,1.06142,1.56,2.25
2018.03.27 05:00:07.474,1.06119,1.06141,1.31,1.00
2018.03.27 05:00:07.988,1.06118,1.06141,2.06,1.00
2018.03.27 05:00:08.257,1.06118,1.06141,2.06,1.00
2018.03.27 05:00:08.309,1.06119,1.06141,1.12,1.00
2018.03.27 05:00:08.850,1.06119,1.06141,1.31,1.00
2018.03.27 05:00:09.362,1.06118,1.06141,2.06,1.00
2018.03.27 05:00:09.677,1.06119,1.06141,1.31,1.25
2018.03.27 05:00:09.728,1.06119,1.06141,1.31,1.00
2018.03.27 05:00:10.047,1.06119,1.06141,1.63,1.00
2018.03.27 05:00:10.624,1.0612,1.06141,1.25,1.00
2018.03.27 05:00:11.205,1.06119,1.06142,1.31,1.50
2018.03.27 05:00:11.523,1.06118,1.06137,1.88,1.00
2018.03.27 05:00:11.575,1.06117,1.06138,2.63,1.00
2018.03.27 05:00:11.933,1.06118,1.06137,2.63,1.00
2018.03.27 05:00:12.086,1.06118,1.06137,1.00,1.00
2018.03.27 05:00:12.703,1.06117,1.06137,1.00,1.00
2018.03.27 05:00:13.276,1.06116,1.06138,1.44,1.69
2018.03.27 05:00:13.807,1.06116,1.06137,1.38,1.00
2018.03.27 05:00:14.323,1.06116,1.06137,1.44,1.00
2018.03.27 05:00:14.885,1.06115,1.06138,1.38,1.00
2018.03.27 05:00:15.482,1.06117,1.06138,1.19,1.50
2018.03.27 05:00:16.011,1.06117,1.06138,1.25,1.50
2018.03.27 05:00:16.751,1.06117,1.06137,1.13,1.00
2018.03.27 05:00:16.802,1.06117,1.06138,1.44,1.50
2018.03.27 05:00:16.974,1.06117,1.06137,1.00,1.00
2018.03.27 05:00:17.490,1.06118,1.06137,1.25,1.00
2018.03.27 05:00:18.004,1.06118,1.06138,1.25,1.50
2018.03.27 05:00:18.310,1.06116,1.06137,1.88,1.00
2018.03.27 05:00:18.413,1.06116,1.06137,2.06,1.00
2018.03.27 05:00:18.938,1.06117,1.06137,1.25,1.00
2018.03.27 05:00:19.479,1.06117,1.06138,1.44,1.50
2018.03.27 05:00:19.983,1.06118,1.06137,1.00,1.00
2018.03.27 05:00:20.523,1.06118,1.06139,1.00,1.31
2018.03.27 05:00:21.095,1.06117,1.0614,1.00,3.00
2018.03.27 05:00:21.625,1.06117,1.06139,1.44,1.31
2018.03.27 05:00:22.446,1.06117,1.06141,1.25,3.00
2018.03.27 05:00:23.108,1.06116,1.06138,1.69,1.50
2018.03.27 05:00:23.159,1.06116,1.06138,1.88,2.25
2018.03.27 05:00:23.433,1.06116,1.06138,1.50,1.50
2018.03.27 05:00:23.485,1.06118,1.06137,1.38,1.00
2018.03.27 05:00:23.590,1.06118,1.06137,1.00,1.00
2018.03.27 05:00:23.730,1.06118,1.06135,1.19,1.00
2018.03.27 05:00:23.935,1.06119,1.06139,1.69,1.87
2018.03.27 05:00:23.987,1.06119,1.06138,1.31,1.00
2018.03.27 05:00:24.039,1.06119,1.0614,1.31,1.00
2018.03.27 05:00:24.143,1.06118,1.06138,1.00,1.00
2018.03.27 05:00:24.451,1.06119,1.0614,1.44,1.12
2018.03.27 05:00:25.025,1.06121,1.0614,1.00,1.00
2018.03.27 05:00:25.542,1.0612,1.06141,1.25,2.44
2018.03.27 05:00:26.084,1.0612,1.0614,1.63,1.00
2018.03.27 05:00:27.828,1.0612,1.0614,1.63,1.00
2018.03.27 05:00:27.880,1.06114,1.06135,2.44,1.00
2018.03.27 05:00:27.931,1.06116,1.06135,1.00,1.00
2018.03.27 05:00:27.983,1.06111,1.06133,1.69,1.31
2018.03.27 05:00:30.263,1.06111,1.06133,1.19,3.38
2018.03.27 05:00:30.876,1.06111,1.06132,1.00,1.56
2018.03.27 05:00:30.928,1.06109,1.06131,1.00,2.06
2018.03.27 05:00:31.439,1.06109,1.06131,1.44,3.38
2018.03.27 05:00:31.694,1.06109,1.06131,1.13,1.88
2018.03.27 05:00:32.256,1.06109,1.0613,1.25,1.00
2018.03.27 05:00:32.759,1.06109,1.0613,1.44,1.25
2018.03.27 05:00:33.533,1.06109,1.06131,1.25,2.63
2018.03.27 05:00:34.044,1.06109,1.06129,1.38,1.00
2018.03.27 05:00:34.557,1.06109,1.0613,1.25,1.00
2018.03.27 05:00:35.067,1.06109,1.06129,1.25,1.00
2018.03.27 05:00:35.119,1.06109,1.06131,1.25,4.31
2018.03.27 05:00:35.171,1.06109,1.06131,1.00,2.25
2018.03.27 05:00:36.285,1.06109,1.0613,1.13,1.69
2018.03.27 05:00:38.310,1.06109,1.06128,1.13,1.00
2018.03.27 05:00:38.831,1.06108,1.06128,1.13,1.00
2018.03.27 05:00:39.340,1.06109,1.06128,1.44,1.00
2018.03.27 05:00:39.595,1.06108,1.06128,1.00,1.00
2018.03.27 05:00:40.244,1.06107,1.06128,1.25,1.00
2018.03.27 05:00:40.689,1.06107,1.06128,1.00,1.19
2018.03.27 05:00:40.848,1.06104,1.06125,1.44,1.69
2018.03.27 05:00:41.308,1.06107,1.06126,1.19,1.50
2018.03.27 05:00:41.613,1.06108,1.06125,1.63,1.00
2018.03.27 05:00:42.128,1.06108,1.06126,1.38,1.00
2018.03.27 05:00:42.179,1.06108,1.06126,1.44,1.00
2018.03.27 05:00:42.722,1.06108,1.06126,1.13,1.00
2018.03.27 05:00:43.046,1.06106,1.06124,1.25,1.00
2018.03.27 05:00:43.149,1.06107,1.06128,1.25,2.44
2018.03.27 05:00:43.403,1.06106,1.06124,1.13,1.00
2018.03.27 05:00:43.864,1.06104,1.06123,1.25,1.00
2018.03.27 05:00:43.916,1.06104,1.06125,1.12,3.00
2018.03.27 05:00:44.175,1.06106,1.06125,1.44,1.12
2018.03.27 05:00:44.279,1.06108,1.06128,1.12,1.12
2018.03.27 05:00:44.640,1.06106,1.0613,1.00,1.31
2018.03.27 05:00:44.692,1.06107,1.06127,1.25,1.00
2018.03.27 05:00:45.171,1.06107,1.06128,1.56,1.69
2018.03.27 05:00:45.323,1.06107,1.06128,1.00,1.11
2018.03.27 05:00:45.829,1.06106,1.06127,1.25,1.80
2018.03.27 05:00:46.338,1.06106,1.06127,1.44,2.62
2018.03.27 05:00:46.543,1.06106,1.06127,1.13,2.62
2018.03.27 05:00:47.301,1.06106,1.06127,1.00,2.25
2018.03.27 05:00:48.213,1.06104,1.06127,1.00,1.81
2018.03.27 05:00:51.639,1.06104,1.06127,1.25,1.63
2018.03.27 05:00:52.190,1.06104,1.06127,1.19,3.56
2018.03.27 05:00:52.749,1.06104,1.06127,1.25,1.31
2018.03.27 05:00:53.258,1.06104,1.06127,1.44,2.44
2018.03.27 05:00:53.800,1.06104,1.06127,1.19,3.19
2018.03.27 05:00:54.310,1.06104,1.06127,1.25,2.25
2018.03.27 05:00:54.950,1.06104,1.06127,1.88,2.44
2018.03.27 05:00:55.459,1.06104,1.06127,1.88,3.19
2018.03.27 05:00:56.370,1.06101,1.06122,2.25,2.06
2018.03.27 05:00:56.696,1.06097,1.06117,1.69,1.69
2018.03.27 05:00:57.210,1.06098,1.06119,1.00,2.06
2018.03.27 05:00:57.262,1.06096,1.06117,1.25,1.25
2018.03.27 05:00:57.672,1.06095,1.06118,1.88,1.69
2018.03.27 05:00:57.776,1.06096,1.06117,1.00,1.25
2018.03.27 05:00:58.545,1.06097,1.06118,1.25,1.19
2018.03.27 05:00:59.094,1.06096,1.06117,1.00,1.25
2018.03.27 05:01:00.068,1.06096,1.06118,1.00,1.69
2018.03.27 05:01:00.532,1.06096,1.06117,1.00,1.19
2018.03.27 05:01:03.530,1.06095,1.06116,1.50,1.19
2018.03.27 05:01:04.746,1.06096,1.06117,1.00,1.19
2018.03.27 05:01:05.466,1.06095,1.06118,1.50,2.81
2018.03.27 05:01:06.181,1.06096,1.06117,1.00,1.19
2018.03.27 05:01:06.697,1.06095,1.06118,1.00,2.81
2018.03.27 05:01:07.206,1.06096,1.06117,1.00,1.19
2018.03.27 05:01:07.717,1.06095,1.06118,1.25,2.06
2018.03.27 05:01:08.376,1.06096,1.06117,1.00,1.19
2018.03.27 05:01:08.942,1.06095,1.06117,1.25,1.19
2018.03.27 05:01:09.786,1.06096,1.06117,1.00,1.19
2018.03.27 05:01:10.296,1.06095,1.06117,1.00,1.19
2018.03.27 05:01:11.047,1.06096,1.06116,1.00,1.25
2018.03.27 05:01:11.665,1.06095,1.06118,1.25,1.31
2018.03.27 05:01:12.843,1.06095,1.06118,1.19,2.06
2018.03.27 05:01:13.392,1.06095,1.06117,1.00,1.69
2018.03.27 05:01:15.061,1.06097,1.06117,1.00,1.69
2018.03.27 05:01:15.163,1.06095,1.06117,1.25,1.19
2018.03.27 05:01:15.558,1.06097,1.06117,1.00,1.19
2018.03.27 05:01:19.394,1.06096,1.06117,1.25,1.19
2018.03.27 05:01:19.801,1.06102,1.06123,1.00,1.69
2018.03.27 05:01:20.262,1.06105,1.06126,1.00,1.37
2018.03.27 05:01:20.416,1.06105,1.06124,1.00,1.25
2018.03.27 05:01:20.928,1.06105,1.06127,1.00,2.63
2018.03.27 05:01:21.465,1.06106,1.06127,1.00,1.69
2018.03.27 05:01:21.516,1.06106,1.06127,1.00,3.19
2018.03.27 05:01:22.246,1.06105,1.06126,1.00,1.31
2018.03.27 05:01:24.557,1.06104,1.06125,1.00,1.00
2018.03.27 05:01:25.086,1.06103,1.06126,1.00,2.63
2018.03.27 05:01:27.200,1.06104,1.06125,1.00,1.25
2018.03.27 05:01:31.922,1.06104,1.06124,1.00,1.88
2018.03.27 05:01:32.024,1.06102,1.06124,1.00,1.88
2018.03.27 05:01:32.534,1.06103,1.06124,1.00,1.25
2018.03.27 05:01:33.037,1.06102,1.06125,1.13,1.69
2018.03.27 05:01:33.543,1.06102,1.06125,1.00,1.88
2018.03.27 05:01:34.063,1.06102,1.06125,1.13,2.25
2018.03.27 05:01:34.794,1.06103,1.06125,1.00,1.50
2018.03.27 05:01:37.324,1.06103,1.06126,1.50,1.31
2018.03.27 05:01:37.866,1.06104,1.06126,1.00,1.31
2018.03.27 05:01:38.374,1.06104,1.06127,1.00,1.69
2018.03.27 05:01:44.106,1.06104,1.06127,1.00,2.06
2018.03.27 05:01:46.816,1.06104,1.06125,1.00,1.44
2018.03.27 05:01:47.401,1.06104,1.06125,1.00,1.25
2018.03.27 05:01:48.416,1.06105,1.06125,1.00,1.00
2018.03.27 05:01:48.468,1.06104,1.06127,1.00,1.69
2018.03.27 05:01:52.619,1.06105,1.06127,1.00,1.25
2018.03.27 05:01:53.144,1.06104,1.06127,1.25,1.25
2018.03.27 05:01:53.673,1.06104,1.06127,1.50,1.31
2018.03.27 05:01:55.851,1.06104,1.06127,1.50,1.12
2018.03.27 05:01:56.944,1.06103,1.06125,1.50,1.00
2018.03.27 05:01:57.494,1.06103,1.06126,1.69,2.81
2018.03.27 05:01:58.400,1.06105,1.06125,1.00,1.00
2018.03.27 05:02:00.054,1.06105,1.06126,1.00,1.00
2018.03.27 05:02:01.711,1.06105,1.06127,1.00,1.88
2018.03.27 05:02:02.169,1.06107,1.06128,1.00,1.00
2018.03.27 05:02:04.770,1.06108,1.06128,1.00,1.00
2018.03.27 05:02:08.938,1.06108,1.06128,1.00,1.44
2018.03.27 05:02:09.446,1.06108,1.06128,1.00,1.25
2018.03.27 05:02:10.023,1.06107,1.06128,1.00,1.00
2018.03.27 05:02:14.284,1.06107,1.06128,1.00,1.19
2018.03.27 05:02:16.882,1.06108,1.06127,1.00,1.25
2018.03.27 05:02:17.037,1.06104,1.06124,1.00,1.50
2018.03.27 05:02:17.760,1.06104,1.06124,1.44,1.50
2018.03.27 05:02:18.751,1.06105,1.06126,1.25,1.69
2018.03.27 05:02:23.092,1.06106,1.06126,1.00,1.69
2018.03.27 05:02:23.246,1.06104,1.06125,1.00,1.69
2018.03.27 05:02:27.520,1.06104,1.06127,1.00,3.38
2018.03.27 05:02:27.571,1.06104,1.06126,1.00,1.75
2018.03.27 05:02:27.827,1.06102,1.06123,1.00,2.06
2018.03.27 05:02:29.882,1.06102,1.06119,1.00,1.00
2018.03.27 05:02:30.430,1.06102,1.0612,1.00,1.25
2018.03.27 05:02:30.966,1.06102,1.0612,1.00,1.19
2018.03.27 05:02:32.916,1.061,1.0612,1.00,1.56
2018.03.27 05:02:32.969,1.06097,1.06118,1.50,1.00
2018.03.27 05:02:33.131,1.06097,1.06116,1.25,1.00
2018.03.27 05:02:33.646,1.06097,1.06117,1.00,1.31
2018.03.27 05:02:34.383,1.06097,1.06116,1.00,1.00
2018.03.27 05:02:34.907,1.06098,1.06117,1.00,1.12
2018.03.27 05:02:35.447,1.06098,1.06116,1.00,1.00
2018.03.27 05:02:36.476,1.06098,1.06117,1.00,1.87
2018.03.27 05:02:36.994,1.06098,1.06116,1.00,1.00
2018.03.27 05:02:37.584,1.06098,1.06117,1.00,1.12
2018.03.27 05:02:38.198,1.06098,1.06116,1.00,1.00
2018.03.27 05:02:39.176,1.06098,1.06117,1.00,1.12
2018.03.27 05:02:39.739,1.06098,1.06116,1.13,1.00
2018.03.27 05:02:40.436,1.06098,1.06117,1.00,1.12
2018.03.27 05:02:41.208,1.06098,1.06116,1.25,1.00
2018.03.27 05:02:42.416,1.06098,1.06117,1.00,1.87
2018.03.27 05:02:43.118,1.06098,1.06116,1.25,1.00
2018.03.27 05:02:43.650,1.06098,1.06117,1.00,1.12
2018.03.27 05:02:44.159,1.06098,1.06116,1.25,1.00
2018.03.27 05:02:44.809,1.06098,1.06117,1.00,1.12
2018.03.27 05:02:45.323,1.06098,1.06116,1.00,1.00
2018.03.27 05:02:46.019,1.06098,1.06117,1.00,1.87
2018.03.27 05:02:46.535,1.06098,1.06116,1.00,1.00
2018.03.27 05:02:47.225,1.06097,1.06117,1.00,1.87
2018.03.27 05:02:47.588,1.06093,1.0611,1.63,1.50
2018.03.27 05:02:48.055,1.06095,1.06113,1.00,1.87
2018.03.27 05:02:51.571,1.06095,1.06114,1.38,1.87
2018.03.27 05:02:51.672,1.06096,1.06115,1.13,1.50
2018.03.27 05:02:51.875,1.06097,1.06115,1.44,1.69
2018.03.27 05:02:52.332,1.06096,1.06115,1.00,1.69
2018.03.27 05:02:52.863,1.06097,1.06115,1.00,1.69
2018.03.27 05:02:53.086,1.06095,1.06115,1.25,1.69
2018.03.27 05:02:53.294,1.06092,1.06115,1.00,1.87
2018.03.27 05:02:53.843,1.06091,1.06111,1.00,1.69
2018.03.27 05:02:54.719,1.06091,1.06112,1.00,2.06
2018.03.27 05:02:57.698,1.06092,1.06109,1.00,1.00
2018.03.27 05:02:57.749,1.06092,1.06111,1.00,1.25
2018.03.27 05:02:57.801,1.06092,1.06113,1.00,1.00
2018.03.27 05:02:59.344,1.06092,1.06114,1.25,2.06
2018.03.27 05:02:59.777,1.06091,1.06114,1.00,2.44
2018.03.27 05:03:00.084,1.06089,1.06109,1.00,1.00
2018.03.27 05:03:00.720,1.06088,1.06109,1.00,1.00
2018.03.27 05:03:33.962,1.06089,1.06109,1.00,1.50
2018.03.27 05:03:37.335,1.06088,1.06109,1.00,1.50
2018.03.27 05:03:43.061,1.06087,1.06104,1.00,1.00
2018.03.27 05:03:43.113,1.06085,1.06105,1.00,1.25
2018.03.27 05:03:43.164,1.06085,1.06102,1.00,1.00
2018.03.27 05:03:43.330,1.06082,1.06102,1.50,1.00
2018.03.27 05:03:44.479,1.06084,1.06103,1.00,1.69
2018.03.27 05:03:45.047,1.06085,1.06105,1.50,2.06
2018.03.27 05:03:46.471,1.06084,1.06105,1.00,1.19
2018.03.27 05:03:47.090,1.06083,1.06104,1.50,1.19
2018.03.27 05:03:47.398,1.06084,1.06105,1.50,1.50
2018.03.27 05:03:47.944,1.06085,1.06106,1.00,3.00
2018.03.27 05:03:48.493,1.06085,1.06105,1.69,1.50
2018.03.27 05:03:49.052,1.06085,1.06106,1.00,3.00
2018.03.27 05:03:49.104,1.06088,1.06108,1.00,1.25
2018.03.27 05:03:49.625,1.06089,1.06109,1.00,1.25
2018.03.27 05:04:06.853,1.0609,1.06109,1.00,1.25
2018.03.27 05:04:07.393,1.06089,1.06109,1.00,1.25
2018.03.27 05:04:18.290,1.06089,1.06111,1.00,1.19
2018.03.27 05:04:18.828,1.06091,1.0611,1.00,1.19
2018.03.27 05:04:22.199,1.06092,1.0611,1.00,1.31
2018.03.27 05:04:22.878,1.06091,1.0611,1.00,1.31
2018.03.27 05:04:25.483,1.06088,1.06111,1.00,2.62
2018.03.27 05:04:25.535,1.0609,1.0611,1.00,2.62
2018.03.27 05:04:34.458,1.06088,1.06109,1.00,2.44
2018.03.27 05:04:34.661,1.06086,1.06109,1.00,1.50
2018.03.27 05:04:35.436,1.06086,1.06108,1.00,1.31
2018.03.27 05:04:36.746,1.06088,1.06109,1.00,2.44
2018.03.27 05:04:36.923,1.06084,1.06106,1.00,1.25
2018.03.27 05:04:37.027,1.06087,1.06106,1.00,1.25
2018.03.27 05:04:37.539,1.06088,1.06106,1.00,1.25
2018.03.27 05:04:38.685,1.06087,1.06106,1.00,1.25
2018.03.27 05:04:40.649,1.06088,1.06109,1.00,2.25
2018.03.27 05:04:40.804,1.06086,1.06107,1.00,1.19
2018.03.27 05:04:40.855,1.06089,1.06107,1.00,1.19
2018.03.27 05:04:41.162,1.06087,1.06107,1.00,1.69
2018.03.27 05:04:41.724,1.06088,1.06107,1.00,1.19
2018.03.27 05:04:42.257,1.06087,1.06107,1.00,1.69
2018.03.27 05:04:44.020,1.06088,1.06107,1.00,1.19
2018.03.27 05:04:44.424,1.06086,1.06107,1.00,2.44
2018.03.27 05:04:44.978,1.06084,1.06105,1.00,2.06
2018.03.27 05:04:45.031,1.06084,1.06105,1.00,2.44
2018.03.27 05:04:45.082,1.06084,1.06105,1.00,4.31
2018.03.27 05:04:46.596,1.06084,1.06105,1.00,3.19
2018.03.27 05:04:50.363,1.06083,1.06105,1.00,3.19
2018.03.27 05:04:50.689,1.06085,1.06105,1.00,1.69
2018.03.27 05:04:50.995,1.06087,1.06105,1.00,1.19
2018.03.27 05:04:51.773,1.06087,1.06105,1.00,1.25
2018.03.27 05:04:54.726,1.06085,1.06105,1.00,1.25
2018.03.27 05:04:55.677,1.06086,1.06105,1.00,1.25
2018.03.27 05:04:57.460,1.06085,1.06105,1.00,1.25
2018.03.27 05:04:57.613,1.06087,1.06105,1.00,1.25
2018.03.27 05:04:57.664,1.06085,1.06105,1.00,1.25
2018.03.27 05:04:57.980,1.06091,1.06107,1.00,1.00
2018.03.27 05:04:58.482,1.06091,1.0611,1.00,1.19
2018.03.27 05:04:59.299,1.0609,1.0611,1.00,1.19
2018.03.27 05:04:59.831,1.0609,1.0611,1.00,1.56
2018.03.27 05:05:02.126,1.06089,1.06109,1.00,2.25
2018.03.27 05:05:03.098,1.06091,1.06111,1.00,1.12
2018.03.27 05:05:03.650,1.06092,1.06112,1.00,2.44
2018.03.27 05:05:04.628,1.06092,1.06112,1.00,1.50
2018.03.27 05:05:05.148,1.06091,1.06112,1.00,2.81
2018.03.27 05:05:05.455,1.06091,1.06111,1.00,3.37
2018.03.27 05:05:06.836,1.06092,1.06112,1.00,4.12
2018.03.27 05:05:07.549,1.06093,1.06111,1.00,1.19
2018.03.27 05:05:13.114,1.06091,1.06112,1.00,3.94
2018.03.27 05:05:13.165,1.06093,1.06112,1.00,3.94
2018.03.27 05:05:13.276,1.0609,1.06112,1.00,4.31
2018.03.27 05:05:14.026,1.06089,1.06111,1.00,1.69
2018.03.27 05:05:14.727,1.06087,1.06109,1.00,1.25
2018.03.27 05:05:14.778,1.06087,1.06108,1.25,1.31
2018.03.27 05:05:14.947,1.06085,1.06106,1.00,1.25
2018.03.27 05:05:15.882,1.06085,1.06105,1.00,1.00
2018.03.27 05:05:16.393,1.06086,1.06105,1.00,1.25
2018.03.27 05:05:41.538,1.06086,1.06107,1.87,1.31
2018.03.27 05:05:42.413,1.06086,1.06107,1.00,1.31
2018.03.27 05:05:43.144,1.06086,1.06107,1.44,1.31
2018.03.27 05:05:43.928,1.06086,1.06107,1.25,1.31
2018.03.27 05:05:44.093,1.06086,1.06107,1.19,1.31
2018.03.27 05:05:44.258,1.06086,1.06107,1.00,1.31
2018.03.27 05:05:44.771,1.06086,1.06107,1.44,1.31
2018.03.27 05:05:45.304,1.06086,1.06107,1.00,1.31
2018.03.27 05:05:46.204,1.06086,1.06107,1.44,1.31
2018.03.27 05:05:49.177,1.06086,1.06107,1.00,2.25
2018.03.27 05:05:49.280,1.06086,1.06106,1.00,1.81
2018.03.27 05:05:49.332,1.06084,1.06107,1.00,2.44
2018.03.27 05:05:49.384,1.06084,1.06105,1.00,1.12
2018.03.27 05:05:50.092,1.06085,1.06106,1.00,1.37
2018.03.27 05:05:50.246,1.06085,1.06107,1.00,1.50
2018.03.27 05:05:50.501,1.06087,1.06107,1.00,1.00
2018.03.27 05:05:51.345,1.06083,1.06104,1.00,1.56
2018.03.27 05:05:51.498,1.06081,1.06102,1.12,1.19
2018.03.27 05:05:52.028,1.0608,1.06101,1.00,1.25
2018.03.27 05:05:57.235,1.0608,1.061,1.00,1.00
2018.03.27 05:05:58.804,1.06079,1.06099,1.50,1.00
2018.03.27 05:05:59.763,1.06078,1.06099,1.50,1.00
2018.03.27 05:06:00.146,1.06077,1.06097,1.00,1.00
2018.03.27 05:06:00.740,1.06077,1.06096,1.00,1.00
2018.03.27 05:06:01.143,1.06077,1.06098,1.00,1.25
2018.03.27 05:06:01.447,1.06077,1.06098,1.00,1.31
2018.03.27 05:06:07.337,1.06072,1.06093,1.50,1.25
2018.03.27 05:06:07.388,1.06072,1.06091,1.00,1.00
2018.03.27 05:06:07.920,1.06072,1.06092,1.50,1.50
2018.03.27 05:06:08.431,1.06072,1.06092,1.69,2.25
2018.03.27 05:06:09.628,1.06072,1.06091,1.31,1.00
2018.03.27 05:06:10.149,1.06072,1.06091,1.12,1.00
2018.03.27 05:06:10.760,1.06072,1.06092,2.06,2.44
2018.03.27 05:06:12.695,1.06072,1.06091,2.81,1.00
2018.03.27 05:06:12.798,1.06074,1.06095,1.50,1.69
2018.03.27 05:06:12.850,1.06074,1.06093,1.25,1.00
2018.03.27 05:06:13.398,1.06073,1.06093,1.25,1.50
2018.03.27 05:06:16.295,1.06074,1.06093,1.00,1.00
2018.03.27 05:06:17.029,1.06074,1.06092,1.00,1.00
2018.03.27 05:06:18.403,1.06074,1.06093,1.00,1.00
2018.03.27 05:06:20.114,1.06074,1.06092,1.00,1.00
2018.03.27 05:06:20.166,1.06072,1.06092,1.31,1.00
2018.03.27 05:06:20.809,1.06072,1.06092,1.19,1.00
2018.03.27 05:06:21.926,1.06072,1.06091,1.31,1.00
2018.03.27 05:06:24.016,1.06073,1.06094,1.31,1.50
2018.03.27 05:06:24.120,1.06074,1.06094,1.00,1.19
2018.03.27 05:06:24.172,1.06072,1.06093,1.00,1.19
2018.03.27 05:06:24.707,1.06073,1.06093,1.00,1.50
2018.03.27 05:06:24.963,1.06073,1.06093,1.56,1.00
2018.03.27 05:06:25.464,1.06073,1.06093,1.19,1.00
2018.03.27 05:06:30.161,1.06073,1.06093,1.00,1.69
2018.03.27 05:06:30.880,1.06072,1.06092,1.44,1.00
2018.03.27 05:06:33.006,1.06072,1.06091,1.25,1.00
2018.03.27 05:06:34.743,1.06072,1.06091,1.44,1.00
2018.03.27 05:06:34.794,1.06073,1.06093,1.00,1.25
2018.03.27 05:06:34.847,1.06075,1.06093,1.00,1.25
2018.03.27 05:06:34.950,1.06075,1.06095,1.00,1.31
2018.03.27 05:06:35.540,1.06074,1.06094,1.00,1.00
2018.03.27 05:06:39.122,1.06072,1.06094,2.25,1.69
2018.03.27 05:06:39.530,1.06071,1.06092,1.44,1.50
2018.03.27 05:06:39.582,1.06071,1.06092,1.25,1.50
2018.03.27 05:06:40.028,1.06071,1.06092,1.62,1.50
2018.03.27 05:06:40.388,1.06071,1.06092,1.25,1.50
2018.03.27 05:06:40.748,1.06071,1.06092,1.62,1.50
2018.03.27 05:06:40.928,1.06071,1.06092,1.25,1.00
2018.03.27 05:06:41.328,1.06071,1.06091,2.81,1.00
2018.03.27 05:06:41.871,1.06071,1.06091,2.44,1.00
2018.03.27 05:06:42.368,1.06071,1.06091,2.62,1.00
2018.03.27 05:06:42.470,1.06071,1.06091,2.44,1.00
2018.03.27 05:06:43.087,1.06071,1.06091,2.81,1.00
2018.03.27 05:06:43.628,1.06071,1.06091,2.44,1.00
2018.03.27 05:06:44.900,1.06071,1.06091,2.06,1.00
2018.03.27 05:06:45.512,1.06071,1.06091,2.06,1.00
2018.03.27 05:06:47.579,1.06071,1.06091,2.06,1.00
2018.03.27 05:06:47.893,1.06075,1.06092,1.00,1.50
2018.03.27 05:06:48.433,1.06071,1.06092,1.56,1.50
2018.03.27 05:06:50.084,1.06072,1.06091,1.62,1.00
2018.03.27 05:06:51.294,1.06071,1.06091,2.44,1.00
2018.03.27 05:06:51.808,1.06073,1.06091,1.12,1.00
2018.03.27 05:06:52.323,1.06073,1.06092,1.37,1.50
2018.03.27 05:06:52.960,1.06073,1.06091,1.00,1.00
2018.03.27 05:06:53.528,1.06073,1.06091,1.44,1.00
2018.03.27 05:06:53.708,1.06072,1.06091,1.25,1.00
2018.03.27 05:06:55.341,1.06073,1.06094,1.25,1.00
2018.03.27 05:06:55.852,1.06074,1.06095,1.00,2.06
2018.03.27 05:07:00.088,1.06074,1.06094,1.12,1.50
2018.03.27 05:07:00.242,1.06072,1.06094,2.25,1.00
2018.03.27 05:07:00.613,1.06072,1.06092,1.37,1.00
2018.03.27 05:07:01.189,1.06072,1.06092,1.62,1.00
2018.03.27 05:07:02.280,1.06073,1.06092,1.25,1.00
2018.03.27 05:07:02.387,1.06071,1.06092,1.69,1.69
2018.03.27 05:07:02.925,1.06072,1.06092,1.12,1.69
2018.03.27 05:07:03.789,1.06071,1.06092,1.87,1.69
2018.03.27 05:07:03.968,1.06071,1.06092,1.69,1.50
2018.03.27 05:07:04.510,1.06071,1.06092,2.06,1.50
2018.03.27 05:07:05.204,1.06071,1.06091,1.87,1.19
2018.03.27 05:07:05.255,1.06069,1.06089,2.44,1.00
2018.03.27 05:07:05.357,1.06065,1.06087,2.25,1.00
2018.03.27 05:07:05.458,1.06065,1.06085,1.00,1.00
2018.03.27 05:07:05.981,1.06065,1.06086,1.25,1.00
2018.03.27 05:07:06.675,1.06065,1.06087,1.37,1.69
2018.03.27 05:07:07.275,1.06065,1.06087,1.25,1.69
2018.03.27 05:07:10.164,1.06064,1.06084,2.44,1.19
2018.03.27 05:07:10.369,1.06062,1.06082,1.69,1.00
2018.03.27 05:07:10.420,1.06064,1.06084,1.00,1.00
2018.03.27 05:07:10.601,1.06067,1.06089,1.00,2.25
2018.03.27 05:07:10.754,1.06068,1.06087,1.00,1.00
2018.03.27 05:07:10.805,1.06068,1.06089,1.00,2.25
2018.03.27 05:07:10.907,1.06069,1.06091,1.00,2.06
2018.03.27 05:07:10.959,1.06071,1.06091,1.00,1.25
2018.03.27 05:07:12.226,1.06073,1.06092,1.00,1.00
2018.03.27 05:07:12.278,1.06074,1.06094,1.00,1.50
2018.03.27 05:07:12.816,1.06073,1.06094,1.00,1.00
2018.03.27 05:07:14.050,1.06073,1.06095,1.25,1.00
2018.03.27 05:07:14.567,1.06074,1.06095,1.00,1.00
2018.03.27 05:07:15.189,1.06074,1.06096,1.00,3.19
2018.03.27 05:07:16.663,1.06074,1.06095,1.00,1.00
2018.03.27 05:07:17.203,1.06074,1.06096,1.00,3.19
2018.03.27 05:07:20.136,1.06072,1.06095,1.69,1.50
2018.03.27 05:07:20.239,1.06071,1.06093,1.00,1.50
2018.03.27 05:07:20.546,1.06069,1.06092,1.25,1.00
2018.03.27 05:07:22.919,1.06069,1.06092,1.19,1.50
2018.03.27 05:07:23.052,1.06069,1.06092,1.00,1.50
2018.03.27 05:07:23.577,1.06069,1.06092,1.44,1.50
2018.03.27 05:07:27.123,1.06069,1.06092,1.37,1.50
2018.03.27 05:07:27.805,1.06072,1.06092,1.00,1.00
2018.03.27 05:07:27.857,1.06072,1.06094,1.00,1.00
2018.03.27 05:07:28.163,1.06074,1.06095,1.00,1.87
2018.03.27 05:07:28.265,1.06072,1.06095,1.12,1.87
2018.03.27 05:07:28.476,1.06072,1.06095,1.62,2.62
2018.03.27 05:07:28.984,1.06072,1.06093,1.44,1.00
2018.03.27 05:07:29.036,1.06071,1.06092,1.50,1.50
2018.03.27 05:07:30.750,1.06071,1.0609,1.00,1.00
2018.03.27 05:07:31.154,1.06074,1.06092,1.00,1.00
2018.03.27 05:07:31.206,1.06074,1.06094,1.00,1.00
2018.03.27 05:07:34.235,1.06074,1.06095,1.00,1.31
2018.03.27 05:07:37.975,1.06073,1.06094,1.87,1.00
2018.03.27 05:07:39.377,1.06073,1.06094,1.69,1.00
2018.03.27 05:07:40.378,1.06073,1.06094,1.87,1.00
2018.03.27 05:07:41.029,1.06073,1.06094,1.69,1.00
2018.03.27 05:07:41.644,1.06073,1.06094,1.87,1.00
2018.03.27 05:07:42.369,1.06074,1.06095,1.00,2.62
2018.03.27 05:07:58.994,1.06073,1.06094,1.50,1.00
2018.03.27 05:08:00.138,1.06073,1.06093,1.00,1.00
2018.03.27 05:08:00.241,1.0607,1.06091,1.87,1.00
2018.03.27 05:08:00.549,1.06067,1.06087,1.00,1.00
2018.03.27 05:08:01.103,1.06067,1.06086,1.00,1.00
2018.03.27 05:08:01.621,1.06066,1.06086,1.12,1.00
2018.03.27 05:08:03.034,1.06066,1.06085,1.12,1.00
2018.03.27 05:08:11.786,1.06065,1.06086,2.81,1.25
2018.03.27 05:08:15.903,1.06066,1.06085,1.00,1.00
2018.03.27 05:08:17.143,1.06065,1.06085,1.25,1.00
2018.03.27 05:08:28.320,1.06063,1.06084,2.25,1.19
2018.03.27 05:08:29.984,1.06063,1.06084,1.87,1.19
2018.03.27 05:09:00.319,1.06064,1.06084,1.00,1.19
2018.03.27 05:09:00.578,1.06067,1.06086,1.00,2.25
2018.03.27 05:09:00.784,1.06067,1.06088,1.00,1.00
2018.03.27 05:09:00.887,1.06069,1.06089,1.00,1.00
2018.03.27 05:09:01.196,1.06072,1.0609,1.00,1.50
2018.03.27 05:09:01.350,1.0607,1.0609,1.69,2.25
2018.03.27 05:09:02.561,1.0607,1.0609,1.69,2.25
2018.03.27 05:09:02.612,1.0607,1.0609,2.25,2.25
2018.03.27 05:09:03.440,1.0607,1.06089,2.25,1.00
2018.03.27 05:09:04.130,1.0607,1.06092,2.25,1.50
2018.03.27 05:09:06.340,1.06073,1.06093,1.00,2.25
2018.03.27 05:09:08.820,1.06071,1.06093,1.44,1.50
2018.03.27 05:09:16.644,1.06074,1.06095,1.00,1.00
2018.03.27 05:09:16.974,1.06076,1.06096,1.00,1.12
2018.03.27 05:09:21.076,1.06077,1.06097,1.00,1.00
2018.03.27 05:09:21.579,1.06076,1.06096,1.50,1.00
2018.03.27 05:09:23.098,1.06077,1.06097,1.00,1.00
2018.03.27 05:09:33.244,1.06078,1.06099,1.00,1.25
2018.03.27 05:09:36.462,1.06079,1.06102,1.00,1.50
2018.03.27 05:09:36.564,1.06083,1.06102,1.25,1.31
2018.03.27 05:09:37.302,1.0608,1.06101,1.69,1.19
2018.03.27 05:09:37.824,1.06081,1.061,1.00,1.19
2018.03.27 05:09:38.213,1.06079,1.061,1.25,1.19
2018.03.27 05:09:38.950,1.06085,1.06103,1.00,1.81
2018.03.27 05:09:39.105,1.06089,1.06109,1.54,1.19
2018.03.27 05:09:39.157,1.06093,1.06113,1.00,1.00
2018.03.27 05:09:39.209,1.06091,1.06114,1.00,2.06
2018.03.27 05:09:39.578,1.06094,1.06113,1.25,1.56
2018.03.27 05:09:40.835,1.06094,1.06113,1.25,1.56
2018.03.27 05:09:41.137,1.06091,1.06108,1.69,1.25
2018.03.27 05:09:41.190,1.06088,1.06108,1.50,1.87
2018.03.27 05:09:41.242,1.06085,1.06106,1.00,1.56
2018.03.27 05:09:41.346,1.06082,1.06105,1.00,1.56
2018.03.27 05:09:42.163,1.06082,1.06103,1.00,1.00
2018.03.27 05:09:42.318,1.06084,1.06104,1.00,1.00
2018.03.27 05:09:43.120,1.06084,1.06106,1.00,1.00
2018.03.27 05:09:43.662,1.06085,1.06106,1.00,1.00
2018.03.27 05:09:49.559,1.06086,1.06107,1.00,1.25
2018.03.27 05:09:49.891,1.06083,1.06106,1.69,1.00
2018.03.27 05:09:50.044,1.06085,1.06106,1.00,1.00
2018.03.27 05:09:50.588,1.06086,1.06106,1.00,1.00
2018.03.27 05:09:55.903,1.06085,1.06106,1.50,1.00
2018.03.27 05:09:56.412,1.06086,1.06106,1.00,1.00
2018.03.27 05:09:57.476,1.06086,1.06105,1.00,1.00
2018.03.27 05:09:58.073,1.06086,1.06107,1.00,1.19
2018.03.27 05:10:00.119,1.06087,1.06108,1.00,1.31
2018.03.27 05:10:00.430,1.06085,1.06103,1.00,1.00
2018.03.27 05:10:02.481,1.06085,1.06104,1.00,1.25
2018.03.27 05:10:02.812,1.06086,1.06099,1.00,1.00
2018.03.27 05:10:03.368,1.06085,1.06099,1.00,1.00
2018.03.27 05:10:03.978,1.06086,1.061,1.00,2.25
2018.03.27 05:10:05.015,1.06086,1.06099,1.00,1.00
2018.03.27 05:10:05.530,1.06086,1.06099,1.00,1.19
2018.03.27 05:10:07.295,1.06086,1.061,1.00,1.69
2018.03.27 05:10:10.903,1.06086,1.06099,1.00,2.06
2018.03.27 05:10:30.873,1.06086,1.06099,1.00,1.19
2018.03.27 05:10:32.888,1.06086,1.061,1.00,1.00
2018.03.27 05:10:32.991,1.06085,1.06102,1.00,1.31
2018.03.27 05:10:44.251,1.06085,1.06101,1.00,1.00
2018.03.27 05:10:44.303,1.06085,1.06101,1.00,1.31
2018.03.27 05:10:45.808,1.06086,1.06098,1.00,1.50
2018.03.27 05:10:46.474,1.06086,1.06099,1.00,1.25
2018.03.27 05:10:46.775,1.06085,1.06096,1.00,1.12
2018.03.27 05:10:47.455,1.06085,1.06095,1.00,2.25
2018.03.27 05:10:49.499,1.06085,1.06095,1.00,1.44
2018.03.27 05:10:51.239,1.06086,1.06096,1.00,1.69
2018.03.27 05:10:51.343,1.06086,1.06099,1.00,1.25
2018.03.27 05:10:54.768,1.06086,1.061,1.00,1.31
2018.03.27 05:10:55.903,1.06086,1.061,1.00,1.19
2018.03.27 05:11:00.640,1.06086,1.06098,1.00,1.00
2018.03.27 05:11:01.317,1.06086,1.06099,1.00,2.06
2018.03.27 05:11:01.978,1.06086,1.06099,1.00,2.06
2018.03.27 05:11:09.778,1.06086,1.06091,1.00,1.00
2018.03.27 05:11:09.829,1.06086,1.06093,1.00,1.00
2018.03.27 05:11:11.155,1.06086,1.06094,1.00,1.12
2018.03.27 05:11:11.685,1.06085,1.06097,1.00,1.50
2018.03.27 05:11:12.216,1.06086,1.06096,1.00,1.00
2018.03.27 05:11:12.926,1.06086,1.06097,1.00,1.50
2018.03.27 05:11:13.444,1.06086,1.06099,1.00,2.62
2018.03.27 05:11:28.206,1.06085,1.061,1.00,2.25
2018.03.27 05:11:29.198,1.06085,1.06099,1.00,1.00
2018.03.27 05:11:29.723,1.06085,1.061,1.00,1.00
2018.03.27 05:11:41.993,1.06086,1.061,1.00,1.50
2018.03.27 05:11:42.549,1.06085,1.061,1.00,1.50
2018.03.27 05:11:46.026,1.06086,1.06103,1.00,1.50
2018.03.27 05:11:46.497,1.06086,1.06101,1.00,1.00
2018.03.27 05:11:54.429,1.06086,1.061,1.00,1.00
2018.03.27 05:11:56.218,1.06086,1.06101,1.00,1.00
2018.03.27 05:11:57.882,1.06085,1.06101,1.00,1.00
2018.03.27 05:12:00.221,1.06085,1.06102,1.00,2.25
2018.03.27 05:12:01.828,1.06085,1.061,1.00,1.00
2018.03.27 05:12:07.958,1.06085,1.06098,1.00,1.50
2018.03.27 05:12:18.034,1.06085,1.06098,1.00,1.19
2018.03.27 05:12:18.769,1.06085,1.06098,1.00,1.00
2018.03.27 05:12:20.906,1.06086,1.06099,1.00,1.00
2018.03.27 05:13:11.709,1.06086,1.06101,1.00,1.50
2018.03.27 05:13:20.154,1.06086,1.06099,1.00,1.00
2018.03.27 05:13:25.168,1.06086,1.061,1.00,1.00
2018.03.27 05:13:25.720,1.06086,1.06099,1.00,1.00
2018.03.27 05:13:34.219,1.06086,1.06101,1.00,1.50
2018.03.27 05:13:34.808,1.06085,1.06101,1.00,1.00
2018.03.27 05:13:37.729,1.06086,1.06097,1.00,1.00
2018.03.27 05:13:38.280,1.06086,1.06098,1.00,1.00
2018.03.27 05:13:40.137,1.06086,1.06097,1.00,1.00
2018.03.27 05:13:40.240,1.06086,1.061,1.00,1.00
2018.03.27 05:13:44.458,1.06086,1.06101,1.00,1.00
2018.03.27 05:13:45.075,1.06086,1.06102,1.00,1.00
2018.03.27 05:14:03.771,1.06086,1.06103,1.00,1.00
2018.03.27 05:14:12.967,1.06086,1.06102,1.00,1.00
2018.03.27 05:14:13.479,1.06086,1.06103,1.00,1.00
2018.03.27 05:14:16.706,1.06085,1.06102,1.00,1.00
2018.03.27 05:14:17.352,1.06085,1.06103,1.00,1.00
2018.03.27 05:14:28.230,1.06085,1.06102,1.00,1.00
2018.03.27 05:14:50.129,1.06086,1.06102,1.00,1.00
2018.03.27 05:14:59.373,1.06086,1.06103,1.00,1.00
2018.03.27 05:15:07.062,1.06087,1.06103,1.00,1.00
2018.03.27 05:15:07.216,1.06088,1.06107,1.00,1.00
2018.03.27 05:15:07.369,1.06087,1.06105,1.00,1.00
2018.03.27 05:15:16.101,1.06086,1.06105,1.00,1.00
2018.03.27 05:15:32.810,1.06085,1.06105,1.00,1.00
2018.03.27 05:15:33.151,1.06085,1.06103,1.00,1.00
2018.03.27 05:15:37.527,1.06085,1.06104,1.00,1.50
2018.03.27 05:15:38.122,1.06085,1.06101,1.00,1.00
2018.03.27 05:15:38.694,1.06086,1.06102,1.00,1.00
2018.03.27 05:15:39.030,1.06086,1.061,1.00,1.00
2018.03.27 05:15:39.802,1.06086,1.06101,1.00,1.00
2018.03.27 05:15:40.839,1.06086,1.06102,1.00,1.50
2018.03.27 05:15:46.446,1.06086,1.06101,1.00,1.00
2018.03.27 05:15:47.233,1.06085,1.06101,1.00,1.00
2018.03.27 05:15:47.775,1.06085,1.06102,1.00,3.19
2018.03.27 05:15:54.972,1.06086,1.06102,1.00,1.00
2018.03.27 05:15:58.287,1.06086,1.06103,1.00,3.75
2018.03.27 05:15:59.129,1.06086,1.06102,1.00,1.00
2018.03.27 05:15:59.798,1.06086,1.061,1.00,1.00
2018.03.27 05:16:00.054,1.0608,1.06101,1.50,1.00
2018.03.27 05:16:00.156,1.06081,1.06099,1.00,1.19
2018.03.27 05:16:00.464,1.06086,1.06095,1.00,1.19
2018.03.27 05:16:01.085,1.06086,1.06091,1.00,1.19
2018.03.27 05:16:01.643,1.06082,1.06091,1.00,1.19
2018.03.27 05:16:03.082,1.06082,1.0609,1.00,1.19
2018.03.27 05:16:32.028,1.06079,1.06089,1.00,1.19
2018.03.27 05:16:39.420,1.06076,1.06088,1.00,1.69
2018.03.27 05:16:39.524,1.06077,1.06084,1.00,1.00
2018.03.27 05:16:39.576,1.06077,1.06086,1.00,1.00
2018.03.27 05:16:39.957,1.06071,1.06085,1.00,1.00
2018.03.27 05:16:40.008,1.06068,1.06085,1.50,1.00
2018.03.27 05:16:40.060,1.06072,1.06088,1.00,1.19
2018.03.27 05:16:40.111,1.06068,1.06088,1.19,1.69
2018.03.27 05:16:40.647,1.06068,1.06086,1.25,1.00
2018.03.27 05:16:40.985,1.06066,1.06084,1.25,1.25
2018.03.27 05:16:42.446,1.06066,1.06085,1.25,1.00
2018.03.27 05:16:43.193,1.06065,1.06085,1.87,1.00
2018.03.27 05:16:43.804,1.06065,1.06085,1.44,1.00
2018.03.27 05:16:55.896,1.06065,1.06085,1.00,1.00
2018.03.27 05:17:00.599,1.06066,1.06085,1.00,1.00
2018.03.27 05:17:00.906,1.0607,1.06088,1.00,1.00
2018.03.27 05:17:01.574,1.06071,1.06088,1.19,1.00
2018.03.27 05:17:02.269,1.06071,1.06088,1.25,1.00
2018.03.27 05:17:02.789,1.06071,1.06088,1.19,1.00
2018.03.27 05:17:03.988,1.06069,1.06086,1.87,1.00
2018.03.27 05:17:04.148,1.06066,1.06084,1.25,1.00
2018.03.27 05:17:25.431,1.06063,1.06083,1.50,1.00
2018.03.27 05:17:25.483,1.06063,1.06081,1.50,1.00
2018.03.27 05:17:25.840,1.0606,1.06077,1.00,1.00
2018.03.27 05:17:25.892,1.06057,1.06075,1.25,1.00
2018.03.27 05:17:25.994,1.06057,1.06073,1.25,1.00
2018.03.27 05:17:26.046,1.06057,1.06077,1.25,1.50
2018.03.27 05:17:26.098,1.06054,1.06072,2.25,1.00
2018.03.27 05:17:26.731,1.06054,1.06072,1.87,1.00
2018.03.27 05:17:29.294,1.06055,1.06073,1.19,1.00
2018.03.27 05:17:30.152,1.06055,1.06075,2.06,1.00
2018.03.27 05:17:30.203,1.06058,1.06076,1.00,1.00
2018.03.27 05:17:37.046,1.06059,1.06077,1.00,1.00
2018.03.27 05:17:39.802,1.06058,1.06079,1.00,1.44
2018.03.27 05:17:41.113,1.06058,1.06077,1.00,1.00
2018.03.27 05:17:41.644,1.06059,1.06078,1.00,1.69
2018.03.27 05:17:44.543,1.06059,1.06074,1.00,1.00
2018.03.27 05:17:45.083,1.06059,1.06078,1.00,1.25
2018.03.27 05:17:52.376,1.06058,1.06077,1.00,1.00
2018.03.27 05:17:58.653,1.06057,1.06077,1.00,1.00
2018.03.27 05:18:09.674,1.06058,1.06077,1.00,1.00
2018.03.27 05:18:10.782,1.06056,1.06075,1.25,1.00
2018.03.27 05:18:11.305,1.06056,1.06074,1.25,1.00
2018.03.27 05:18:16.689,1.06058,1.06075,1.00,1.00
2018.03.27 05:18:16.741,1.0606,1.06079,1.00,1.00
2018.03.27 05:18:21.164,1.06061,1.0608,1.00,1.00
2018.03.27 05:18:21.318,1.06061,1.06082,1.00,1.25
2018.03.27 05:18:23.337,1.0606,1.06081,1.25,1.00
2018.03.27 05:18:23.935,1.0606,1.06081,1.19,1.00
2018.03.27 05:18:24.445,1.0606,1.06081,1.12,1.25
2018.03.27 05:18:25.462,1.0606,1.06081,1.62,1.00
2018.03.27 05:18:25.514,1.06062,1.06082,1.31,1.00
2018.03.27 05:18:25.669,1.06065,1.06085,1.00,1.00
2018.03.27 05:18:27.597,1.06066,1.06085,1.00,1.00
2018.03.27 05:18:35.087,1.06065,1.06083,1.00,1.00
2018.03.27 05:18:35.140,1.06063,1.06082,1.00,1.00
2018.03.27 05:18:35.243,1.0606,1.0608,1.50,1.00
2018.03.27 05:18:36.552,1.0606,1.06079,1.50,1.00
2018.03.27 05:18:38.436,1.0606,1.0608,1.69,1.00
2018.03.27 05:18:38.539,1.06061,1.06082,1.25,1.00
2018.03.27 05:18:38.642,1.06061,1.0608,1.25,1.00
2018.03.27 05:18:39.144,1.06061,1.06081,1.00,1.00
2018.03.27 05:18:42.263,1.0606,1.0608,1.50,1.00
2018.03.27 05:18:47.789,1.0606,1.06079,1.50,1.00
2018.03.27 05:18:48.151,1.06058,1.06078,1.00,1.00
2018.03.27 05:18:48.202,1.06057,1.06076,1.00,1.00
2018.03.27 05:18:48.770,1.06056,1.06075,1.00,1.00
2018.03.27 05:18:49.523,1.06056,1.06076,1.00,1.50
2018.03.27 05:18:50.710,1.06056,1.06075,1.00,1.00
2018.03.27 05:18:51.046,1.06057,1.06079,1.00,2.25
2018.03.27 05:18:51.565,1.06058,1.06079,1.00,2.25
2018.03.27 05:18:52.152,1.06058,1.06078,1.00,1.00
2018.03.27 05:18:52.687,1.06058,1.06079,1.00,2.25
2018.03.27 05:18:53.300,1.06058,1.06078,1.00,1.00
2018.03.27 05:18:53.853,1.06058,1.06079,1.00,3.19
2018.03.27 05:18:54.356,1.06058,1.06078,1.00,1.00
2018.03.27 05:18:55.137,1.06058,1.0608,1.50,1.00
2018.03.27 05:18:55.239,1.0606,1.06081,1.00,2.25
2018.03.27 05:18:57.071,1.0606,1.06079,1.00,1.00
2018.03.27 05:18:57.646,1.0606,1.06081,1.00,2.25
2018.03.27 05:19:00.436,1.06059,1.06079,1.00,1.00
2018.03.27 05:19:01.018,1.06058,1.06078,1.69,1.00
2018.03.27 05:19:01.659,1.06058,1.06077,1.50,1.00
2018.03.27 05:19:02.796,1.06057,1.06077,1.00,1.00
2018.03.27 05:19:03.340,1.06056,1.06076,1.00,1.00
2018.03.27 05:19:03.982,1.06055,1.06076,1.25,1.00
2018.03.27 05:19:06.050,1.06055,1.06076,1.19,1.00
2018.03.27 05:19:06.599,1.06055,1.06076,1.25,1.00
2018.03.27 05:19:07.953,1.06056,1.06076,1.00,1.50
2018.03.27 05:19:11.699,1.06055,1.06075,1.00,1.00
2018.03.27 05:19:12.218,1.06056,1.06076,1.00,1.50
2018.03.27 05:19:12.809,1.06055,1.06076,1.00,2.25
2018.03.27 05:19:13.719,1.06054,1.06076,1.00,1.50
2018.03.27 05:19:14.112,1.06056,1.06076,1.19,1.00
2018.03.27 05:19:15.667,1.06055,1.06076,1.87,1.00
2018.03.27 05:19:19.697,1.06055,1.06078,3.37,1.00
2018.03.27 05:19:21.611,1.06055,1.06078,1.00,1.00
2018.03.27 05:19:21.715,1.06057,1.06079,1.00,1.50
2018.03.27 05:19:22.050,1.06052,1.06073,1.00,1.00
2018.03.27 05:19:28.993,1.06053,1.06073,1.00,1.00
2018.03.27 05:19:29.329,1.06055,1.06075,1.00,1.50
2018.03.27 05:19:29.944,1.06053,1.06075,1.44,1.50
2018.03.27 05:19:30.258,1.06056,1.06075,1.00,1.00
2018.03.27 05:19:33.409,1.06058,1.06078,1.00,1.31
2018.03.27 05:19:33.929,1.06057,1.06079,1.00,1.56
2018.03.27 05:19:34.757,1.06057,1.06079,1.44,1.56
2018.03.27 05:19:35.799,1.06057,1.06079,1.00,2.06
2018.03.27 05:19:36.786,1.06056,1.06077,1.25,1.19
2018.03.27 05:19:37.779,1.06055,1.06077,1.50,1.19
2018.03.27 05:19:38.271,1.06055,1.06074,1.00,1.00
2018.03.27 05:19:38.805,1.06054,1.06074,1.00,1.00
2018.03.27 05:19:42.499,1.06055,1.06074,1.00,1.00
2018.03.27 05:19:44.112,1.06054,1.06074,2.25,1.25
2018.03.27 05:19:44.167,1.06055,1.06078,2.62,1.19
2018.03.27 05:19:44.616,1.06056,1.06078,1.44,1.19
2018.03.27 05:19:45.366,1.06055,1.06076,1.44,1.00
2018.03.27 05:19:45.673,1.06053,1.06073,1.00,1.00
2018.03.27 05:19:49.877,1.06053,1.06073,1.50,1.19
2018.03.27 05:19:50.689,1.06053,1.06075,1.87,1.31
2018.03.27 05:19:51.461,1.06053,1.06075,1.87,1.31
2018.03.27 05:19:57.724,1.06053,1.06073,1.44,1.19
2018.03.27 05:19:59.650,1.06053,1.06073,1.87,1.25
2018.03.27 05:20:02.909,1.06056,1.06078,1.87,1.37
2018.03.27 05:20:03.166,1.06057,1.0608,1.50,1.44
2018.03.27 05:20:04.596,1.06057,1.0608,1.69,1.19
2018.03.27 05:20:05.115,1.06057,1.0608,1.50,1.19
2018.03.27 05:20:05.671,1.06057,1.0608,1.50,1.25
2018.03.27 05:20:08.124,1.06057,1.0608,1.69,1.69
2018.03.27 05:20:08.537,1.06057,1.06078,1.69,1.00
2018.03.27 05:20:12.170,1.06058,1.06079,1.25,1.00
2018.03.27 05:20:15.417,1.0606,1.06079,1.00,1.00
2018.03.27 05:20:17.488,1.0606,1.0608,1.50,1.25
2018.03.27 05:20:19.643,1.0606,1.06081,1.50,1.69
2018.03.27 05:20:21.460,1.0606,1.06081,1.69,1.19
2018.03.27 05:20:22.088,1.06061,1.06082,1.50,1.31
2018.03.27 05:20:23.909,1.06063,1.06083,1.00,1.69
2018.03.27 05:20:25.348,1.06063,1.06085,1.00,1.25
2018.03.27 05:20:27.889,1.06065,1.06085,1.00,1.25
2018.03.27 05:20:28.200,1.06066,1.06089,1.00,2.44
2018.03.27 05:20:28.353,1.06064,1.06087,1.25,2.44
2018.03.27 05:20:28.866,1.06063,1.06086,1.25,1.25
2018.03.27 05:20:29.605,1.06065,1.06086,1.00,1.69
2018.03.27 05:20:30.153,1.06065,1.06086,1.00,1.69
2018.03.27 05:20:31.141,1.06065,1.06086,1.50,1.00
2018.03.27 05:20:31.838,1.06066,1.06088,1.00,1.69
2018.03.27 05:20:32.323,1.06066,1.06088,1.00,2.06
2018.03.27 05:20:34.440,1.06066,1.06087,1.00,1.19
2018.03.27 05:20:34.955,1.06067,1.06088,1.00,2.06
2018.03.27 05:20:36.344,1.06067,1.06088,1.00,2.81
2018.03.27 05:20:38.027,1.06065,1.06088,1.50,2.06
2018.03.27 05:20:40.719,1.06065,1.06085,1.00,1.87
2018.03.27 05:20:49.667,1.06063,1.06085,1.00,1.87
2018.03.27 05:20:50.043,1.06061,1.06084,1.00,2.62
2018.03.27 05:20:50.872,1.06061,1.06084,1.25,2.62
2018.03.27 05:20:52.047,1.06061,1.06084,1.25,1.56
2018.03.27 05:20:54.885,1.06061,1.06081,1.50,1.12
2018.03.27 05:20:55.196,1.06058,1.06077,1.00,1.12
2018.03.27 05:20:55.711,1.06057,1.06077,1.00,1.56
2018.03.27 05:20:56.288,1.06058,1.06079,1.00,1.69
2018.03.27 05:20:56.341,1.0606,1.06081,1.69,1.00
2018.03.27 05:20:56.444,1.06065,1.06085,1.19,4.12
2018.03.27 05:20:56.548,1.06066,1.06087,1.25,1.00
2018.03.27 05:20:56.833,1.06068,1.06089,1.00,1.00
2018.03.27 05:20:57.138,1.0607,1.06092,1.00,1.00
2018.03.27 05:20:59.224,1.06072,1.06092,1.00,1.00
2018.03.27 05:20:59.949,1.06073,1.06092,1.00,1.00
2018.03.27 05:21:00.102,1.06074,1.06096,1.00,2.06
2018.03.27 05:21:00.606,1.06075,1.06097,1.00,3.94
2018.03.27 05:21:01.516,1.06075,1.06097,1.00,3.19
2018.03.27 05:21:02.329,1.06076,1.06096,1.00,2.06
2018.03.27 05:21:03.499,1.06076,1.06096,1.00,2.06
2018.03.27 05:21:04.027,1.06075,1.06096,1.00,1.31
2018.03.27 05:21:04.538,1.06075,1.06093,1.00,1.12
2018.03.27 05:21:04.589,1.06073,1.06093,1.00,1.12
2018.03.27 05:21:05.167,1.06075,1.06097,1.00,1.50
2018.03.27 05:21:05.425,1.06075,1.06095,1.00,1.00
2018.03.27 05:21:05.477,1.06073,1.06096,1.25,1.25
2018.03.27 05:21:05.529,1.06069,1.06093,2.62,1.25
2018.03.27 05:21:05.581,1.06069,1.06091,2.62,1.00
2018.03.27 05:21:06.002,1.06072,1.06092,1.00,1.00
2018.03.27 05:21:06.437,1.06072,1.06094,1.00,2.25
2018.03.27 05:21:07.440,1.06072,1.06095,1.00,1.50
2018.03.27 05:21:08.002,1.06072,1.06094,1.00,1.50
2018.03.27 05:21:08.571,1.06074,1.06096,1.00,1.69
2018.03.27 05:21:09.336,1.06074,1.06096,1.00,1.87
2018.03.27 05:21:09.659,1.06072,1.06095,1.00,2.44
2018.03.27 05:21:09.966,1.0607,1.06092,1.00,2.81
2018.03.27 05:21:10.508,1.06069,1.06091,1.00,1.19
2018.03.27 05:21:11.208,1.06069,1.06091,1.00,1.25
2018.03.27 05:21:11.923,1.06071,1.06091,1.00,1.00
2018.03.27 05:21:12.025,1.0607,1.06095,1.50,3.19
2018.03.27 05:21:12.076,1.06072,1.06094,1.00,1.25
2018.03.27 05:21:20.245,1.06071,1.06094,1.00,1.12
2018.03.27 05:21:20.399,1.06067,1.06091,1.50,1.00
2018.03.27 05:21:20.692,1.0607,1.06093,1.50,1.87
2018.03.27 05:21:21.440,1.06071,1.06093,1.00,1.50
2018.03.27 05:21:25.389,1.0607,1.06091,1.00,1.25
2018.03.27 05:21:25.893,1.0607,1.0609,1.00,1.00
2018.03.27 05:21:28.828,1.06067,1.06089,1.69,1.50
2018.03.27 05:21:28.880,1.06067,1.06088,1.00,1.19
2018.03.27 05:21:37.712,1.0607,1.06092,1.00,2.06
2018.03.27 05:21:37.822,1.06071,1.06094,1.00,3.56
2018.03.27 05:21:37.875,1.06073,1.06094,1.00,1.44
2018.03.27 05:21:37.928,1.06074,1.06098,1.00,3.00
2018.03.27 05:21:37.980,1.06076,1.06098,1.00,3.56
2018.03.27 05:21:38.286,1.06076,1.06098,1.00,2.62
2018.03.27 05:21:39.731,1.06076,1.06098,1.00,1.56
2018.03.27 05:21:40.434,1.06078,1.06098,1.00,1.56
2018.03.27 05:21:41.114,1.06078,1.06098,1.00,1.31
2018.03.27 05:21:43.748,1.06078,1.06098,1.00,1.56
2018.03.27 05:21:44.352,1.06076,1.06098,1.00,1.00
2018.03.27 05:21:44.860,1.06077,1.06098,1.00,1.00
2018.03.27 05:21:46.889,1.06077,1.06098,1.00,2.81
2018.03.27 05:21:55.709,1.06077,1.06098,1.00,1.56
2018.03.27 05:21:58.358,1.06076,1.06095,1.00,1.19
2018.03.27 05:21:58.461,1.06073,1.06095,1.00,1.69
2018.03.27 05:22:01.572,1.06074,1.06094,1.00,1.25
2018.03.27 05:22:01.965,1.0607,1.06093,1.50,2.81
2018.03.27 05:22:02.273,1.06073,1.06092,1.00,1.75
2018.03.27 05:22:02.427,1.06073,1.06093,1.00,1.56
2018.03.27 05:22:04.485,1.06073,1.06095,1.00,1.50
2018.03.27 05:22:04.536,1.06075,1.06095,1.00,1.19
2018.03.27 05:22:05.045,1.06076,1.06095,1.00,1.19
2018.03.27 05:22:16.336,1.06076,1.06098,1.00,2.00
2018.03.27 05:22:25.858,1.06078,1.06098,1.00,1.12
2018.03.27 05:22:26.283,1.06079,1.06099,1.00,1.19
2018.03.27 05:22:26.538,1.06078,1.06099,1.50,1.56
2018.03.27 05:22:37.667,1.06076,1.06098,1.00,2.25
2018.03.27 05:22:38.984,1.06077,1.06097,1.00,2.00
2018.03.27 05:22:40.691,1.06078,1.06099,1.00,2.62
2018.03.27 05:22:43.594,1.06079,1.06099,1.00,2.81
2018.03.27 05:22:44.132,1.0608,1.06099,1.00,1.87
2018.03.27 05:22:44.679,1.06081,1.06099,1.00,1.00
2018.03.27 05:22:45.214,1.0608,1.06099,1.00,1.00
2018.03.27 05:22:49.948,1.06083,1.06103,1.00,1.88
2018.03.27 05:22:50.000,1.06081,1.06103,1.00,1.00
2018.03.27 05:22:50.052,1.06081,1.06102,1.19,1.31
2018.03.27 05:22:50.361,1.06079,1.06098,1.00,2.62
2018.03.27 05:22:53.691,1.06078,1.06098,1.00,1.56
2018.03.27 05:22:53.845,1.06078,1.06098,1.00,1.00
2018.03.27 05:22:53.897,1.06078,1.06096,1.00,1.25
2018.03.27 05:22:54.209,1.06078,1.06096,1.00,1.31
2018.03.27 05:22:59.494,1.06078,1.06099,1.00,2.44
2018.03.27 05:23:00.189,1.06078,1.06095,1.00,1.31
2018.03.27 05:23:00.497,1.06075,1.06095,1.00,1.56
2018.03.27 05:23:01.238,1.06074,1.06095,1.00,1.56
2018.03.27 05:23:04.624,1.06075,1.06095,1.00,1.81
2018.03.27 05:23:08.387,1.06074,1.06094,1.00,2.00
2018.03.27 05:23:08.695,1.06074,1.06092,1.00,1.12
2018.03.27 05:23:09.748,1.06074,1.06093,1.00,1.56
2018.03.27 05:23:10.909,1.06075,1.06094,1.00,1.56
2018.03.27 05:23:20.088,1.06074,1.06094,1.00,1.56
2018.03.27 05:23:20.607,1.06072,1.06094,1.00,1.81
2018.03.27 05:23:22.885,1.06073,1.06094,1.00,1.81
2018.03.27 05:23:23.413,1.06072,1.06094,1.00,3.00
2018.03.27 05:23:24.145,1.06071,1.06093,1.00,1.31
2018.03.27 05:23:24.656,1.0607,1.06093,1.00,1.50
2018.03.27 05:23:26.503,1.06069,1.06093,1.87,1.50
2018.03.27 05:23:26.656,1.06066,1.06089,1.50,1.69
2018.03.27 05:23:26.708,1.06064,1.06087,1.69,1.00
2018.03.27 05:23:32.047,1.06064,1.06087,1.50,1.69
2018.03.27 05:23:41.477,1.06064,1.06085,1.00,1.00
2018.03.27 05:23:41.989,1.06065,1.06087,1.00,1.50
2018.03.27 05:23:42.091,1.06065,1.06087,1.00,2.06
2018.03.27 05:23:42.797,1.06064,1.06087,1.12,2.06
2018.03.27 05:23:43.254,1.06064,1.06087,1.25,1.69
2018.03.27 05:23:45.014,1.06064,1.06086,1.31,1.00
2018.03.27 05:23:45.773,1.06064,1.06085,1.00,1.00
2018.03.27 05:23:53.291,1.06062,1.06085,1.00,1.25
2018.03.27 05:23:54.780,1.06062,1.06085,1.19,1.25
2018.03.27 05:23:54.937,1.06061,1.06085,1.50,1.69
2018.03.27 05:23:55.468,1.06061,1.06085,1.69,1.69
2018.03.27 05:23:56.060,1.06061,1.06085,1.69,1.69
2018.03.27 05:23:56.910,1.06061,1.06085,1.69,1.69
2018.03.27 05:23:57.535,1.06061,1.06085,1.50,1.69
2018.03.27 05:23:58.190,1.06061,1.06084,1.25,1.00
2018.03.27 05:23:59.023,1.06061,1.06084,1.19,1.00
2018.03.27 05:23:59.687,1.06061,1.06084,1.00,1.00
2018.03.27 05:24:00.198,1.06061,1.0608,1.00,1.19
2018.03.27 05:24:00.250,1.06059,1.06079,1.00,1.25
2018.03.27 05:24:00.404,1.06055,1.06078,1.87,1.00
2018.03.27 05:24:00.506,1.06055,1.06075,1.87,1.00
2018.03.27 05:24:00.813,1.06059,1.06078,1.00,1.12
2018.03.27 05:24:01.121,1.0606,1.06077,1.00,1.50
2018.03.27 05:24:01.173,1.06056,1.06075,1.00,1.00
2018.03.27 05:24:01.225,1.06057,1.06077,1.00,1.00
2018.03.27 05:24:01.279,1.06053,1.06075,1.50,1.37
2018.03.27 05:24:01.769,1.06051,1.06073,1.00,1.00
2018.03.27 05:24:01.876,1.0605,1.06075,2.06,1.50
2018.03.27 05:24:02.135,1.0605,1.06075,2.06,1.50
2018.03.27 05:24:02.215,1.0605,1.06075,1.87,1.00
2018.03.27 05:24:02.534,1.0605,1.06075,1.87,1.00
2018.03.27 05:24:02.586,1.0605,1.06075,1.69,1.50
2018.03.27 05:24:02.822,1.06052,1.06075,1.00,2.25
2018.03.27 05:24:03.129,1.06051,1.06073,1.50,1.00
2018.03.27 05:24:03.653,1.06051,1.06073,2.06,1.00
2018.03.27 05:24:04.641,1.06051,1.06073,1.62,1.25
2018.03.27 05:24:05.207,1.06051,1.06073,1.31,1.25
2018.03.27 05:24:05.961,1.06051,1.06073,1.62,1.25
2018.03.27 05:24:07.389,1.06051,1.06073,1.69,1.25
2018.03.27 05:24:07.913,1.06051,1.06072,1.12,1.00
2018.03.27 05:24:08.132,1.06049,1.06071,2.06,1.00
2018.03.27 05:24:09.086,1.06049,1.06072,1.12,1.50
2018.03.27 05:24:09.141,1.06048,1.06069,1.19,1.00
2018.03.27 05:24:09.673,1.06048,1.06068,1.00,1.00
2018.03.27 05:24:10.688,1.06049,1.06067,1.00,1.00
2018.03.27 05:24:12.944,1.06045,1.06067,1.81,1.00
2018.03.27 05:24:14.130,1.06046,1.06067,1.00,1.00
2018.03.27 05:24:14.300,1.06044,1.06067,2.44,1.00
2018.03.27 05:24:14.369,1.06046,1.06069,1.50,1.19
2018.03.27 05:24:14.677,1.06046,1.06068,1.00,1.56
2018.03.27 05:24:15.829,1.06046,1.06068,1.25,1.31
2018.03.27 05:24:21.960,1.06048,1.06071,1.00,2.25
2018.03.27 05:24:22.637,1.06048,1.0607,1.00,1.25
2018.03.27 05:24:22.920,1.06046,1.06068,1.69,1.00
2018.03.27 05:24:23.279,1.06045,1.06066,1.12,1.00
2018.03.27 05:24:23.790,1.06045,1.06067,1.31,1.00
2018.03.27 05:24:23.943,1.06045,1.06069,1.19,1.50
2018.03.27 05:24:24.199,1.06046,1.06068,1.37,1.00
2018.03.27 05:24:24.922,1.06045,1.06069,1.31,1.69
2018.03.27 05:24:25.440,1.06045,1.06068,2.44,1.00
2018.03.27 05:24:25.492,1.06048,1.0607,1.00,1.50
2018.03.27 05:24:25.800,1.06048,1.0607,1.69,1.00
2018.03.27 05:24:26.429,1.06048,1.06071,2.81,1.00
2018.03.27 05:24:27.043,1.06048,1.06072,3.19,1.50
2018.03.27 05:24:28.575,1.06049,1.06073,1.19,1.00
2018.03.27 05:24:29.093,1.0605,1.06072,1.19,1.00
2018.03.27 05:24:30.034,1.0605,1.06072,1.25,1.00
2018.03.27 05:24:32.683,1.0605,1.06072,1.62,1.00
2018.03.27 05:24:33.207,1.0605,1.06072,1.12,1.00
2018.03.27 05:24:34.067,1.0605,1.06072,1.44,1.00
2018.03.27 05:24:34.623,1.0605,1.06072,1.25,1.00
2018.03.27 05:24:40.253,1.0605,1.06072,1.44,1.00
2018.03.27 05:24:40.768,1.0605,1.06072,1.12,1.00
2018.03.27 05:24:41.693,1.0605,1.06072,1.44,1.00
2018.03.27 05:24:42.324,1.0605,1.06072,1.56,1.00
2018.03.27 05:24:45.038,1.0605,1.06072,1.44,1.00
2018.03.27 05:24:53.012,1.06053,1.06075,1.50,1.00
2018.03.27 05:24:53.064,1.06055,1.06077,1.00,1.19
2018.03.27 05:24:53.574,1.06056,1.06079,1.50,1.31
2018.03.27 05:24:55.122,1.06057,1.06079,1.00,1.31
2018.03.27 05:24:55.635,1.06057,1.0608,1.00,1.31
2018.03.27 05:25:00.071,1.06057,1.0608,1.00,2.06
2018.03.27 05:25:01.336,1.06057,1.06079,1.00,1.19
2018.03.27 05:25:01.541,1.06057,1.0608,1.25,1.00
2018.03.27 05:25:06.068,1.06057,1.06079,1.00,1.00
2018.03.27 05:25:06.620,1.06057,1.0608,1.00,1.50
2018.03.27 05:25:07.946,1.06057,1.0608,1.19,1.50
2018.03.27 05:25:08.584,1.06057,1.06079,1.19,1.00
2018.03.27 05:25:10.806,1.06057,1.06079,1.00,1.00
2018.03.27 05:25:15.997,1.06057,1.06078,1.00,1.00
2018.03.27 05:25:16.734,1.06056,1.06078,1.69,1.00
2018.03.27 05:25:18.149,1.06054,1.06077,1.69,1.00
2018.03.27 05:25:18.714,1.06054,1.06077,1.69,1.50
2018.03.27 05:25:23.275,1.06055,1.06078,1.25,1.25
2018.03.27 05:25:23.564,1.06055,1.06079,1.19,1.44
2018.03.27 05:25:32.310,1.06055,1.06079,1.50,1.31
2018.03.27 05:25:32.414,1.06055,1.06075,1.50,1.00
2018.03.27 05:25:32.672,1.06048,1.06071,1.87,1.00
2018.03.27 05:25:33.212,1.06048,1.0607,1.81,1.00
2018.03.27 05:25:34.562,1.06048,1.06069,1.37,1.00
2018.03.27 05:25:35.061,1.06048,1.06071,1.19,1.50
2018.03.27 05:25:42.546,1.06047,1.0607,1.19,1.50
2018.03.27 05:25:44.053,1.06046,1.06068,1.69,1.00
2018.03.27 05:25:45.089,1.06046,1.06068,1.62,1.00
2018.03.27 05:25:45.623,1.06046,1.06069,1.62,1.00
2018.03.27 05:25:48.213,1.06045,1.0607,3.56,1.69
2018.03.27 05:25:49.136,1.06046,1.06069,1.56,1.00
2018.03.27 05:25:49.668,1.06047,1.0607,1.19,1.25
2018.03.27 05:26:03.114,1.06048,1.06071,1.25,1.00
2018.03.27 05:26:03.664,1.06048,1.0607,1.25,1.00
2018.03.27 05:26:29.380,1.06047,1.0607,1.69,1.50
2018.03.27 05:26:29.880,1.06047,1.0607,1.87,1.50
2018.03.27 05:26:35.132,1.06048,1.0607,1.12,1.00
2018.03.27 05:26:35.861,1.06048,1.0607,2.00,1.00
2018.03.27 05:26:38.295,1.0605,1.0607,2.00,1.00
2018.03.27 05:26:39.443,1.0605,1.0607,1.50,1.00
2018.03.27 05:26:45.102,1.06049,1.06069,1.75,1.00
2018.03.27 05:26:45.681,1.06048,1.0607,2.00,1.00
2018.03.27 05:26:47.162,1.06048,1.06069,2.06,1.00
2018.03.27 05:26:47.678,1.06048,1.0607,1.31,1.00
2018.03.27 05:26:57.554,1.06048,1.06073,3.56,1.00
2018.03.27 05:26:58.079,1.06048,1.06074,3.56,2.25
2018.03.27 05:26:58.642,1.06048,1.06073,2.81,1.00
2018.03.27 05:26:59.183,1.06048,1.06074,2.00,2.25
2018.03.27 05:27:00.886,1.06049,1.06071,1.75,1.00
2018.03.27 05:27:01.418,1.06049,1.0607,1.75,1.00
2018.03.27 05:27:01.857,1.06049,1.06073,2.00,1.00
2018.03.27 05:27:02.724,1.06049,1.06073,1.19,1.00
2018.03.27 05:27:03.301,1.06049,1.06071,1.44,1.00
2018.03.27 05:27:03.510,1.06048,1.0607,1.00,1.25
2018.03.27 05:27:03.612,1.06045,1.06068,1.31,1.00
2018.03.27 05:27:04.143,1.06045,1.06069,2.62,1.00
2018.03.27 05:27:04.688,1.06047,1.06069,1.00,1.00
2018.03.27 05:27:05.306,1.06047,1.0607,1.69,1.00
2018.03.27 05:27:07.440,1.06047,1.06071,1.62,2.25
2018.03.27 05:27:08.486,1.06047,1.0607,1.25,1.00
2018.03.27 05:27:12.327,1.06047,1.06069,1.00,1.00
2018.03.27 05:27:12.848,1.06046,1.06069,1.69,1.00
2018.03.27 05:27:13.438,1.06046,1.06067,1.69,1.00
2018.03.27 05:27:13.541,1.06046,1.06069,1.69,1.50
2018.03.27 05:27:13.852,1.06046,1.06067,1.00,1.00
2018.03.27 05:27:14.592,1.06046,1.06068,1.12,1.00
2018.03.27 05:27:15.113,1.06046,1.06068,1.87,1.00
2018.03.27 05:27:17.789,1.06046,1.06068,1.87,1.00
2018.03.27 05:27:17.841,1.06046,1.06069,1.50,1.00
2018.03.27 05:27:18.604,1.06046,1.06068,1.50,1.50
2018.03.27 05:27:20.074,1.06046,1.06069,1.50,1.00
2018.03.27 05:27:20.638,1.06046,1.06069,2.06,1.00
2018.03.27 05:27:21.237,1.06046,1.06068,2.06,1.00
2018.03.27 05:27:21.907,1.06046,1.06069,2.06,1.00
2018.03.27 05:27:23.090,1.06046,1.06068,2.06,1.00
2018.03.27 05:27:23.597,1.06046,1.06068,2.06,1.00
2018.03.27 05:27:25.064,1.06046,1.0607,1.87,1.00
2018.03.27 05:27:25.115,1.06046,1.06071,1.50,2.44
2018.03.27 05:27:25.269,1.06046,1.06068,1.50,1.00
2018.03.27 05:27:25.323,1.06046,1.0607,1.69,1.69
2018.03.27 05:27:25.426,1.06046,1.06068,1.50,1.00
2018.03.27 05:27:25.661,1.06046,1.0607,1.25,2.25
2018.03.27 05:27:25.967,1.06046,1.06068,1.25,1.00
2018.03.27 05:27:27.357,1.06046,1.06069,1.00,1.50
2018.03.27 05:27:27.921,1.06046,1.06068,1.00,1.00
2018.03.27 05:27:28.449,1.06046,1.06069,1.00,1.00
2018.03.27 05:27:32.666,1.06046,1.06068,1.00,1.00
2018.03.27 05:27:40.144,1.06046,1.06069,1.25,1.00
2018.03.27 05:27:40.513,1.06046,1.0607,1.50,1.50
2018.03.27 05:27:41.962,1.06046,1.06071,1.50,2.44
2018.03.27 05:27:44.951,1.06048,1.06071,1.00,2.44
2018.03.27 05:27:45.467,1.06047,1.0607,1.25,1.25
2018.03.27 05:27:46.971,1.06046,1.0607,1.69,1.25
2018.03.27 05:27:47.499,1.06046,1.0607,1.87,1.69
2018.03.27 05:27:48.258,1.06046,1.06069,1.87,1.00
2018.03.27 05:27:49.653,1.06046,1.06069,1.25,1.50
2018.03.27 05:27:50.187,1.06046,1.06069,1.44,1.00
2018.03.27 05:27:50.995,1.06046,1.06069,1.25,1.00
2018.03.27 05:27:52.803,1.06046,1.06069,1.44,1.00
2018.03.27 05:27:53.342,1.06046,1.06069,1.25,1.00
2018.03.27 05:27:54.093,1.06046,1.06069,1.31,1.00
2018.03.27 05:27:54.843,1.06046,1.06069,1.25,1.00
2018.03.27 05:27:55.659,1.06046,1.06069,1.37,1.50
2018.03.27 05:27:56.357,1.06046,1.06069,1.37,1.50
2018.03.27 05:27:56.861,1.06046,1.06069,1.50,1.00
2018.03.27 05:27:57.226,1.06046,1.06069,1.87,1.00
2018.03.27 05:27:58.350,1.06045,1.0607,1.62,1.00
2018.03.27 05:27:58.402,1.06045,1.0607,1.25,1.00
2018.03.27 05:27:58.941,1.06045,1.06069,2.06,1.50
2018.03.27 05:27:59.659,1.06045,1.06068,2.06,1.00
2018.03.27 05:28:00.188,1.06045,1.06067,1.44,1.50
2018.03.27 05:28:00.239,1.06045,1.06065,1.00,1.00
2018.03.27 05:28:00.294,1.06043,1.06065,1.25,1.00
2018.03.27 05:28:00.346,1.06043,1.06061,1.00,1.00
2018.03.27 05:28:00.398,1.06041,1.06063,1.00,1.00
2018.03.27 05:28:00.450,1.06041,1.06061,1.00,1.00
2018.03.27 05:28:00.501,1.06041,1.06063,1.00,1.00
2018.03.27 05:28:01.006,1.06041,1.06062,1.00,1.00
2018.03.27 05:28:01.963,1.06042,1.06062,1.00,1.00
2018.03.27 05:28:02.508,1.06041,1.06062,1.00,1.00
2018.03.27 05:28:02.562,1.06042,1.06065,1.00,1.50
2018.03.27 05:28:02.768,1.06042,1.06065,2.81,1.00
2018.03.27 05:28:02.973,1.06042,1.06065,2.44,1.00
2018.03.27 05:28:03.287,1.06042,1.06065,2.62,1.50
2018.03.27 05:28:03.390,1.06042,1.06066,1.87,1.50
2018.03.27 05:28:04.202,1.06045,1.06068,1.25,1.50
2018.03.27 05:28:07.196,1.06047,1.06068,1.00,1.69
2018.03.27 05:28:08.728,1.06046,1.06068,1.25,1.25
2018.03.27 05:28:09.266,1.06046,1.06068,1.31,1.25
2018.03.27 05:28:11.435,1.06046,1.06068,1.00,1.00
2018.03.27 05:28:11.847,1.06043,1.06065,1.00,1.00
2018.03.27 05:28:12.365,1.06044,1.06065,1.00,1.00
2018.03.27 05:28:13.134,1.06043,1.06065,1.00,1.00
2018.03.27 05:28:13.635,1.06041,1.06065,2.25,1.00
2018.03.27 05:28:14.345,1.06042,1.06064,1.25,1.00
2018.03.27 05:28:14.647,1.0604,1.06061,1.00,1.00
2018.03.27 05:28:15.115,1.06041,1.06063,1.25,1.69
2018.03.27 05:28:15.168,1.06041,1.06063,1.25,2.62
2018.03.27 05:28:15.710,1.0604,1.06063,1.12,2.62
2018.03.27 05:28:16.237,1.0604,1.06063,1.50,2.62
2018.03.27 05:28:16.795,1.0604,1.06063,1.69,2.62
2018.03.27 05:28:17.562,1.06042,1.06063,1.25,2.62
2018.03.27 05:28:18.256,1.06043,1.06065,1.00,1.56
2018.03.27 05:28:19.106,1.06043,1.06065,1.00,1.56
2018.03.27 05:28:24.687,1.06043,1.06065,1.00,1.56
2018.03.27 05:28:32.900,1.06043,1.06065,1.25,1.56
2018.03.27 05:28:38.736,1.0604,1.06062,1.00,1.25
2018.03.27 05:28:39.246,1.06039,1.06061,1.12,1.00
2018.03.27 05:28:40.235,1.06039,1.06061,1.87,1.50
2018.03.27 05:28:40.906,1.06039,1.06061,1.69,1.00
2018.03.27 05:28:43.945,1.06041,1.06061,1.00,1.00
2018.03.27 05:28:44.204,1.06039,1.06061,1.25,1.00
2018.03.27 05:28:44.417,1.06041,1.06061,1.00,1.00
2018.03.27 05:28:45.037,1.06042,1.06061,1.00,1.00
2018.03.27 05:28:45.088,1.06043,1.06065,1.00,1.00
2018.03.27 05:28:45.155,1.06045,1.06065,1.00,1.00
2018.03.27 05:28:45.358,1.06043,1.06065,1.00,1.50
2018.03.27 05:28:45.866,1.06041,1.06065,2.25,1.50
2018.03.27 05:28:46.373,1.06041,1.06064,2.25,1.00
2018.03.27 05:28:47.834,1.06042,1.06065,1.19,1.50
2018.03.27 05:28:47.885,1.06041,1.06063,1.25,1.00
2018.03.27 05:28:49.104,1.0604,1.06063,1.12,1.00
2018.03.27 05:28:49.411,1.06037,1.0606,2.81,1.00
2018.03.27 05:28:50.004,1.06037,1.0606,1.50,1.50
2018.03.27 05:28:51.814,1.06037,1.0606,1.31,1.50
2018.03.27 05:28:53.344,1.06037,1.0606,1.81,1.50
2018.03.27 05:28:54.239,1.06037,1.0606,1.50,1.50
2018.03.27 05:28:57.463,1.06037,1.0606,1.50,1.50
2018.03.27 05:29:00.535,1.06037,1.0606,2.25,1.00
2018.03.27 05:29:01.240,1.06037,1.0606,1.25,1.00
2018.03.27 05:29:02.135,1.06037,1.0606,1.19,1.00
2018.03.27 05:29:02.637,1.06037,1.0606,1.00,1.00
2018.03.27 05:29:03.447,1.06037,1.0606,1.19,1.00
2018.03.27 05:29:03.953,1.06037,1.06059,1.19,1.00
2018.03.27 05:29:04.489,1.06037,1.0606,1.75,1.00
2018.03.27 05:29:08.374,1.06037,1.0606,3.00,1.00
2018.03.27 05:29:09.993,1.06037,1.0606,3.00,1.00
2018.03.27 05:29:10.500,1.06037,1.0606,2.44,1.00
2018.03.27 05:29:11.160,1.06037,1.0606,2.44,1.00
2018.03.27 05:29:11.923,1.06037,1.0606,2.25,1.25
2018.03.27 05:29:12.479,1.06037,1.0606,2.25,1.25
2018.03.27 05:29:13.007,1.06038,1.0606,1.25,1.69
2018.03.27 05:29:19.949,1.06037,1.0606,1.00,1.25
2018.03.27 05:29:23.564,1.06037,1.0606,1.31,1.25
2018.03.27 05:29:24.368,1.06037,1.0606,1.12,1.25
2018.03.27 05:29:24.681,1.06039,1.0606,1.00,1.50
2018.03.27 05:29:25.194,1.06039,1.0606,1.19,1.50
2018.03.27 05:29:25.708,1.06039,1.0606,1.25,1.50
2018.03.27 05:29:26.498,1.06037,1.0606,3.56,1.00
2018.03.27 05:29:26.811,1.06035,1.06058,1.50,1.56
2018.03.27 05:29:27.114,1.06035,1.06058,1.69,1.56
2018.03.27 05:29:27.726,1.06035,1.06058,1.69,1.81
2018.03.27 05:29:28.243,1.06036,1.06058,1.19,1.81
2018.03.27 05:29:28.768,1.06037,1.06058,1.00,1.75
2018.03.27 05:29:29.824,1.06035,1.06058,2.44,1.56
2018.03.27 05:29:30.145,1.06037,1.06058,1.00,1.56
2018.03.27 05:29:30.197,1.06038,1.06058,1.00,1.31
2018.03.27 05:29:30.248,1.06036,1.06058,2.44,1.31
2018.03.27 05:29:30.300,1.06036,1.06058,1.00,1.00
2018.03.27 05:29:30.403,1.06039,1.06058,1.00,1.00
2018.03.27 05:29:30.506,1.06035,1.06058,3.94,1.00
2018.03.27 05:29:30.610,1.06034,1.06055,1.19,1.00
2018.03.27 05:29:30.936,1.06034,1.06055,2.81,1.19
2018.03.27 05:29:32.595,1.06034,1.06055,2.62,1.19
2018.03.27 05:29:33.112,1.06036,1.06055,1.00,1.19
2018.03.27 05:29:33.672,1.06035,1.06055,1.25,1.19
2018.03.27 05:29:34.704,1.06035,1.06055,1.19,1.19
2018.03.27 05:29:36.318,1.06034,1.06055,2.62,1.00
2018.03.27 05:29:36.523,1.06035,1.06058,1.44,1.00
2018.03.27 05:29:38.388,1.06035,1.06058,5.25,1.00
2018.03.27 05:29:39.594,1.06037,1.06058,1.31,1.00
2018.03.27 05:29:40.130,1.06037,1.06058,1.25,1.00
2018.03.27 05:29:42.336,1.06037,1.06058,1.31,1.00
2018.03.27 05:29:42.973,1.06039,1.06063,1.25,3.56
2018.03.27 05:29:43.957,1.06039,1.06062,1.19,1.69
2018.03.27 05:29:49.944,1.06039,1.06062,1.12,2.06
2018.03.27 05:29:50.047,1.06036,1.06058,1.25,1.25
2018.03.27 05:29:50.771,1.06036,1.0606,1.50,1.50
2018.03.27 05:29:51.273,1.06037,1.0606,1.50,2.25
2018.03.27 05:29:57.140,1.06037,1.06059,1.00,1.81
2018.03.27 05:29:58.291,1.06037,1.06058,1.00,1.12
2018.03.27 05:29:58.650,1.06037,1.06056,1.00,1.12
2018.03.27 05:30:01.140,1.06035,1.06056,1.00,1.12
2018.03.27 05:30:09.038,1.06035,1.06056,1.25,1.31
2018.03.27 05:30:09.244,1.06034,1.06055,1.00,1.44
2018.03.27 05:30:09.755,1.06034,1.06057,3.56,2.06
2018.03.27 05:30:10.507,1.06034,1.06057,3.56,2.06
2018.03.27 05:30:11.016,1.06034,1.06057,1.87,1.31
2018.03.27 05:30:11.827,1.06034,1.06057,2.06,1.31
2018.03.27 05:30:12.362,1.06036,1.06057,1.00,1.31
2018.03.27 05:30:12.863,1.06037,1.06059,1.00,2.06
2018.03.27 05:30:13.418,1.06037,1.06059,1.50,1.56
2018.03.27 05:30:19.373,1.06037,1.06059,1.19,1.56
2018.03.27 05:30:20.132,1.06037,1.06059,1.50,1.56
2018.03.27 05:30:20.375,1.06037,1.06059,2.25,1.00
2018.03.27 05:30:20.529,1.06039,1.06063,1.00,2.44
2018.03.27 05:30:21.893,1.06039,1.06063,1.19,2.44
2018.03.27 05:30:22.445,1.06039,1.06063,1.25,2.44
2018.03.27 05:30:22.497,1.06038,1.0605,1.12,1.00
2018.03.27 05:30:22.601,1.06033,1.06055,1.25,2.25
2018.03.27 05:30:22.703,1.06031,1.06051,1.00,1.00
2018.03.27 05:30:23.379,1.06032,1.06051,1.00,1.00
2018.03.27 05:30:24.076,1.0603,1.0605,2.25,1.00
2018.03.27 05:30:24.646,1.0603,1.0605,2.25,1.19
2018.03.27 05:30:26.604,1.06038,1.0605,1.00,1.19
2018.03.27 05:30:27.194,1.0603,1.0605,1.00,1.31
2018.03.27 05:30:29.410,1.06032,1.0605,1.00,1.31
2018.03.27 05:30:30.038,1.06032,1.06052,1.00,1.87
2018.03.27 05:30:30.621,1.06031,1.06052,1.00,1.69
2018.03.27 05:30:30.876,1.06031,1.06052,1.00,2.06
2018.03.27 05:30:33.505,1.06031,1.06052,1.00,1.25
2018.03.27 05:30:34.028,1.06032,1.06052,1.00,1.25
2018.03.27 05:30:44.363,1.06032,1.06051,1.00,1.00
2018.03.27 05:30:44.414,1.06032,1.06053,1.50,1.25
2018.03.27 05:30:44.466,1.06033,1.06051,1.50,1.00
2018.03.27 05:30:44.855,1.06038,1.06053,1.00,1.00
2018.03.27 05:30:45.164,1.06047,1.06058,1.87,1.00
2018.03.27 05:30:45.372,1.06062,1.06076,1.75,1.00
2018.03.27 05:30:45.425,1.0606,1.06079,1.50,11.82
2018.03.27 05:30:45.477,1.06061,1.06079,1.75,15.51
2018.03.27 05:30:45.529,1.06061,1.06081,1.75,1.00
2018.03.27 05:30:45.710,1.0606,1.06082,1.50,5.46
2018.03.27 05:30:46.221,1.06062,1.06082,1.00,9.04
2018.03.27 05:30:46.375,1.06062,1.06069,1.00,1.00
2018.03.27 05:30:46.427,1.06062,1.06074,1.00,1.00
2018.03.27 05:30:46.530,1.06062,1.06083,1.00,1.69
2018.03.27 05:30:47.472,1.06061,1.06083,1.00,2.25
2018.03.27 05:30:47.982,1.06059,1.06083,1.19,2.25
2018.03.27 05:30:49.636,1.06061,1.06083,1.00,1.50
2018.03.27 05:30:50.197,1.0606,1.06083,1.69,1.38
2018.03.27 05:30:50.785,1.06061,1.06084,1.50,2.06
2018.03.27 05:30:51.041,1.06063,1.06083,1.00,1.50
2018.03.27 05:30:51.194,1.0606,1.06083,1.50,1.50
2018.03.27 05:30:51.297,1.06062,1.06083,1.00,1.69
2018.03.27 05:30:55.069,1.06061,1.06083,1.50,2.25
2018.03.27 05:30:57.491,1.06062,1.06082,1.00,1.12
2018.03.27 05:31:06.821,1.06061,1.06082,1.00,1.31
2018.03.27 05:31:07.278,1.06061,1.06082,1.00,1.50
2018.03.27 05:31:07.330,1.06059,1.06081,1.00,1.25
2018.03.27 05:31:07.980,1.06059,1.06081,1.00,1.44
2018.03.27 05:31:08.393,1.06059,1.06082,1.00,1.50
2018.03.27 05:31:08.445,1.06059,1.06081,1.00,1.38
2018.03.27 05:31:08.598,1.06059,1.06082,1.00,1.50
2018.03.27 05:31:09.302,1.06059,1.06081,1.00,1.13
2018.03.27 05:31:09.842,1.06059,1.06081,1.00,1.44
2018.03.27 05:31:11.114,1.06059,1.06082,1.00,1.69
2018.03.27 05:31:12.005,1.06059,1.06081,1.00,1.38
2018.03.27 05:31:12.530,1.06059,1.06079,1.00,1.00
2018.03.27 05:31:13.068,1.06058,1.06077,1.00,1.00
2018.03.27 05:31:13.170,1.06057,1.0608,1.25,1.88
2018.03.27 05:31:13.373,1.06055,1.06078,1.00,1.31
2018.03.27 05:31:13.424,1.06057,1.06078,1.00,1.31
2018.03.27 05:31:13.937,1.06059,1.06079,1.00,1.69
2018.03.27 05:31:14.282,1.06056,1.06076,1.00,1.50
2018.03.27 05:31:14.856,1.06056,1.06075,1.00,1.00
2018.03.27 05:31:15.200,1.06056,1.06078,1.00,1.12
2018.03.27 05:31:15.740,1.06058,1.06078,1.00,1.00
2018.03.27 05:31:16.088,1.06058,1.0608,1.00,3.37
2018.03.27 05:31:16.293,1.0606,1.0608,1.00,1.87
2018.03.27 05:31:16.344,1.06062,1.06082,1.00,2.44
2018.03.27 05:31:16.550,1.06068,1.06087,1.00,2.25
2018.03.27 05:31:16.602,1.0607,1.06088,1.00,1.00
2018.03.27 05:31:16.654,1.06071,1.06091,1.00,2.06
2018.03.27 05:31:17.502,1.06071,1.06093,1.00,2.81
2018.03.27 05:31:17.553,1.06074,1.06094,1.00,2.81
2018.03.27 05:31:17.604,1.06074,1.06094,1.00,1.88
2018.03.27 05:31:17.757,1.06074,1.06094,1.00,1.56
2018.03.27 05:31:18.062,1.06071,1.06091,1.00,1.56
2018.03.27 05:31:18.439,1.0607,1.0609,1.00,1.69
2018.03.27 05:31:18.541,1.06067,1.06088,1.00,1.31
2018.03.27 05:31:18.643,1.06067,1.06087,1.00,1.56
2018.03.27 05:31:19.201,1.06066,1.06086,1.00,1.56
2018.03.27 05:31:19.709,1.06067,1.06086,1.00,1.56
2018.03.27 05:31:20.124,1.06065,1.06085,1.00,1.19
2018.03.27 05:31:20.633,1.06066,1.06085,1.00,1.19
2018.03.27 05:31:21.127,1.06068,1.06086,1.00,1.00
2018.03.27 05:31:21.642,1.06069,1.06089,1.00,1.31
2018.03.27 05:31:22.366,1.0607,1.06089,1.00,1.31
2018.03.27 05:31:22.723,1.06068,1.06085,1.00,1.12
2018.03.27 05:31:22.826,1.06067,1.06085,1.00,1.00
2018.03.27 05:31:23.082,1.06069,1.06085,1.19,1.00
2018.03.27 05:31:23.490,1.06072,1.06084,1.00,1.00
2018.03.27 05:31:23.645,1.06072,1.06091,1.00,1.50
2018.03.27 05:31:24.835,1.06072,1.0609,1.00,1.00
2018.03.27 05:31:25.502,1.06073,1.0609,1.00,1.50
2018.03.27 05:31:26.447,1.06073,1.06091,1.00,1.00
2018.03.27 05:31:28.678,1.06073,1.0609,1.00,1.00
2018.03.27 05:31:29.427,1.06073,1.06091,1.00,1.00
2018.03.27 05:31:29.906,1.06071,1.06091,1.00,1.00
2018.03.27 05:31:34.526,1.06071,1.06092,1.13,1.50
2018.03.27 05:31:34.889,1.06071,1.0609,1.13,1.00
2018.03.27 05:31:36.081,1.06072,1.06089,1.00,1.00
2018.03.27 05:31:36.617,1.06072,1.0609,1.00,1.00
2018.03.27 05:31:37.833,1.06072,1.06089,1.00,1.00
2018.03.27 05:31:38.241,1.06072,1.06091,1.00,1.88
2018.03.27 05:31:38.645,1.06072,1.06088,1.00,1.00
2018.03.27 05:31:38.749,1.06069,1.06088,1.00,1.00
2018.03.27 05:31:39.108,1.06067,1.06085,1.00,1.00
2018.03.27 05:31:40.677,1.06067,1.06088,1.00,2.63
2018.03.27 05:31:40.779,1.06066,1.06086,1.00,1.00
2018.03.27 05:31:41.086,1.06067,1.06084,1.00,1.00
2018.03.27 05:31:41.138,1.06065,1.06084,1.25,1.00
2018.03.27 05:31:41.673,1.06065,1.06082,1.00,1.00
2018.03.27 05:31:41.776,1.06063,1.06082,1.00,1.00
2018.03.27 05:31:42.286,1.06064,1.06084,1.00,1.50
2018.03.27 05:31:43.653,1.06064,1.06083,1.00,1.00
2018.03.27 05:31:44.216,1.06064,1.06085,1.00,1.69
2018.03.27 05:31:44.319,1.06067,1.06087,1.00,1.69
2018.03.27 05:31:46.808,1.06065,1.06085,1.00,1.19
2018.03.27 05:31:47.319,1.06066,1.06085,1.00,1.19
2018.03.27 05:31:52.900,1.06065,1.06085,1.00,1.19
2018.03.27 05:31:54.857,1.06064,1.06085,1.00,1.19
2018.03.27 05:31:55.163,1.06066,1.06085,1.00,1.19
2018.03.27 05:31:59.704,1.06066,1.06083,1.00,1.00
2018.03.27 05:32:00.216,1.06066,1.06084,1.00,2.81
2018.03.27 05:32:00.473,1.06064,1.06083,1.00,1.00
2018.03.27 05:32:01.827,1.06064,1.06084,1.00,2.81
2018.03.27 05:32:02.631,1.06064,1.06083,1.25,1.00
2018.03.27 05:32:02.937,1.06066,1.06084,1.00,2.81
2018.03.27 05:32:03.450,1.06066,1.06084,1.00,2.81
2018.03.27 05:32:04.840,1.06067,1.06083,1.00,1.25
2018.03.27 05:32:05.351,1.06066,1.06083,1.00,1.25
2018.03.27 05:32:05.778,1.06064,1.06084,1.00,1.31
2018.03.27 05:32:06.295,1.06064,1.06083,1.00,1.50
2018.03.27 05:32:10.185,1.06064,1.06083,1.00,1.88
2018.03.27 05:32:10.712,1.06063,1.06081,1.00,1.50
2018.03.27 05:32:11.229,1.06063,1.06082,1.00,2.44
2018.03.27 05:32:11.862,1.06063,1.06081,1.00,1.00
2018.03.27 05:32:12.340,1.06064,1.06084,1.00,1.31
2018.03.27 05:32:12.444,1.06067,1.06085,1.00,1.00
2018.03.27 05:32:12.956,1.06068,1.06084,1.00,1.00
2018.03.27 05:32:13.007,1.06066,1.06084,1.00,1.00
2018.03.27 05:32:13.541,1.06067,1.06084,1.00,1.00
2018.03.27 05:32:14.957,1.06067,1.06087,1.00,1.00
2018.03.27 05:32:17.978,1.06067,1.06087,1.44,1.00
2018.03.27 05:32:18.234,1.0607,1.06087,1.00,1.00
2018.03.27 05:32:18.744,1.06069,1.06088,1.25,1.00
2018.03.27 05:32:19.247,1.0607,1.06088,1.13,1.00
2018.03.27 05:32:19.557,1.0607,1.0609,1.00,1.50
2018.03.27 05:32:21.039,1.06071,1.0609,1.00,1.00
2018.03.27 05:32:21.555,1.06071,1.06093,1.63,1.00
2018.03.27 05:32:22.154,1.06072,1.06093,1.38,2.25
2018.03.27 05:32:22.663,1.06072,1.06093,1.25,1.50
2018.03.27 05:32:23.206,1.06072,1.06093,1.38,1.50
2018.03.27 05:32:23.752,1.06072,1.06093,1.13,1.50
2018.03.27 05:32:24.690,1.06072,1.06093,1.38,1.50
2018.03.27 05:32:25.218,1.06072,1.06093,1.69,1.50
2018.03.27 05:32:25.721,1.06072,1.06093,1.88,1.50
2018.03.27 05:32:26.656,1.06072,1.06093,1.13,1.50
2018.03.27 05:32:27.170,1.06072,1.06093,1.38,1.50
2018.03.27 05:32:27.702,1.06072,1.06093,1.25,1.50
2018.03.27 05:32:28.234,1.06072,1.06093,1.38,1.00
2018.03.27 05:32:28.769,1.06072,1.06093,1.13,1.00
2018.03.27 05:32:29.370,1.06072,1.06093,1.38,1.00
2018.03.27 05:32:29.965,1.06072,1.06093,1.25,1.00
2018.03.27 05:32:30.733,1.06072,1.06093,1.38,1.00
2018.03.27 05:32:31.353,1.06072,1.06093,1.12,1.00
2018.03.27 05:32:31.864,1.06072,1.06093,1.31,1.00
2018.03.27 05:32:32.485,1.06072,1.06093,1.12,1.00
2018.03.27 05:32:33.018,1.06072,1.06093,1.63,1.00
2018.03.27 05:32:33.674,1.06072,1.06093,1.31,1.00
2018.03.27 05:32:34.184,1.06072,1.06093,1.38,1.00
2018.03.27 05:32:34.727,1.06074,1.06093,1.00,1.00
2018.03.27 05:32:38.919,1.06072,1.06093,1.25,1.00
2018.03.27 05:32:41.297,1.06071,1.06093,1.00,1.00
2018.03.27 05:32:41.399,1.0607,1.06091,1.00,2.44
2018.03.27 05:32:41.450,1.06068,1.06091,1.00,1.88
2018.03.27 05:32:41.602,1.06068,1.0609,1.25,1.38
2018.03.27 05:32:42.000,1.0607,1.06091,1.00,1.25
2018.03.27 05:32:42.050,1.06071,1.06091,1.00,1.19
2018.03.27 05:32:42.101,1.06069,1.06092,1.00,1.50
2018.03.27 05:32:52.760,1.06069,1.06089,1.00,1.44
2018.03.27 05:32:53.484,1.06068,1.06088,1.00,1.25
2018.03.27 05:32:54.035,1.06069,1.0609,1.00,2.63
2018.03.27 05:32:54.519,1.06067,1.0609,1.00,2.25
2018.03.27 05:32:55.237,1.06067,1.06089,1.00,1.69
2018.03.27 05:32:56.074,1.06068,1.06089,1.00,1.50
2018.03.27 05:32:56.537,1.06069,1.0609,1.25,1.87
2018.03.27 05:32:56.691,1.0607,1.06089,1.12,1.00
2018.03.27 05:32:56.794,1.06073,1.06091,1.50,1.00
2018.03.27 05:32:56.896,1.06072,1.06088,1.25,1.00
2018.03.27 05:32:56.948,1.06069,1.06089,1.37,1.25
2018.03.27 05:32:57.052,1.06067,1.06089,1.19,1.00
2018.03.27 05:32:57.155,1.06063,1.06086,3.37,1.00
2018.03.27 05:32:57.312,1.06062,1.06084,1.19,1.00
2018.03.27 05:32:58.210,1.06062,1.06083,1.44,1.44
2018.03.27 05:32:58.720,1.06062,1.06083,1.12,1.13
2018.03.27 05:33:00.168,1.06062,1.06083,1.31,1.69
2018.03.27 05:33:00.220,1.06062,1.06083,1.00,1.00
2018.03.27 05:33:00.324,1.06063,1.06085,1.00,1.25
2018.03.27 05:33:00.509,1.06065,1.06085,1.00,2.44
2018.03.27 05:33:00.561,1.06062,1.06082,1.00,1.19
2018.03.27 05:33:00.665,1.06059,1.06081,1.50,1.12
2018.03.27 05:33:00.720,1.0606,1.0608,1.00,1.19
2018.03.27 05:33:02.739,1.0606,1.06081,1.00,1.69
2018.03.27 05:33:09.474,1.06061,1.06081,1.00,2.00
2018.03.27 05:33:10.411,1.06061,1.06081,1.00,1.44
2018.03.27 05:33:10.971,1.06061,1.06081,1.00,1.25
2018.03.27 05:33:11.491,1.06061,1.06081,1.00,1.44
2018.03.27 05:33:11.858,1.06061,1.06082,1.50,1.00
2018.03.27 05:33:11.909,1.06061,1.06084,1.00,2.44
2018.03.27 05:33:12.448,1.06061,1.06084,1.00,2.06
2018.03.27 05:33:12.995,1.06064,1.06084,1.75,1.00
2018.03.27 05:33:13.165,1.06066,1.06086,1.75,1.00
2018.03.27 05:33:13.368,1.06068,1.06088,1.50,1.00
2018.03.27 05:33:13.911,1.06068,1.06089,2.25,1.50
2018.03.27 05:33:14.116,1.06068,1.06089,1.69,1.50
2018.03.27 05:33:14.498,1.06067,1.0609,1.19,3.75
2018.03.27 05:33:14.599,1.06067,1.0609,1.19,3.38
2018.03.27 05:33:15.748,1.06067,1.0609,1.75,4.13
2018.03.27 05:33:16.283,1.06067,1.0609,1.75,2.44
2018.03.27 05:33:19.490,1.06067,1.0609,1.88,2.81
2018.03.27 05:33:20.029,1.06067,1.0609,1.75,2.44
2018.03.27 05:33:20.849,1.06067,1.0609,1.88,2.81
2018.03.27 05:33:21.379,1.06067,1.0609,1.75,2.44
2018.03.27 05:33:21.705,1.06067,1.06088,1.75,1.00
2018.03.27 05:33:23.957,1.06069,1.06089,1.19,1.00
2018.03.27 05:33:24.467,1.06067,1.0609,1.75,1.88
2018.03.27 05:33:28.115,1.06067,1.06089,1.75,1.00
2018.03.27 05:33:28.853,1.06067,1.06088,1.75,1.00
2018.03.27 05:33:29.339,1.06069,1.0609,1.19,2.44
2018.03.27 05:33:32.212,1.0607,1.0609,1.19,1.31
2018.03.27 05:33:32.876,1.0607,1.0609,1.19,1.69
2018.03.27 05:33:33.433,1.0607,1.0609,1.19,2.06
2018.03.27 05:33:37.942,1.0607,1.0609,1.19,1.69
2018.03.27 05:33:38.468,1.0607,1.0609,1.19,2.06
2018.03.27 05:33:39.377,1.0607,1.0609,1.25,2.06
2018.03.27 05:33:39.917,1.06071,1.0609,1.00,1.25
2018.03.27 05:33:40.172,1.06072,1.06093,1.00,3.00
2018.03.27 05:33:40.274,1.06072,1.06093,1.00,4.31
2018.03.27 05:33:40.809,1.06072,1.06091,1.00,1.00
2018.03.27 05:33:41.346,1.06072,1.06092,1.00,1.50
2018.03.27 05:33:41.880,1.06072,1.06093,1.00,4.13
2018.03.27 05:33:43.017,1.06072,1.0609,1.00,1.00
2018.03.27 05:33:45.178,1.06071,1.0609,1.00,1.00
2018.03.27 05:33:45.688,1.0607,1.06089,1.25,1.25
2018.03.27 05:33:46.539,1.0607,1.06088,1.25,1.00
2018.03.27 05:33:47.092,1.0607,1.06087,1.25,1.00
2018.03.27 05:33:48.313,1.0607,1.06089,1.25,1.00
2018.03.27 05:33:48.853,1.0607,1.06088,1.25,1.00
2018.03.27 05:33:49.857,1.06069,1.06089,1.19,1.69
2018.03.27 05:33:50.112,1.06072,1.06088,1.00,1.00
2018.03.27 05:33:50.732,1.06072,1.06089,1.00,1.00
2018.03.27 05:33:51.943,1.06072,1.06091,1.00,1.25
2018.03.27 05:33:52.459,1.06072,1.0609,1.00,1.00
2018.03.27 05:33:56.242,1.06073,1.0609,1.00,1.00
2018.03.27 05:33:56.293,1.06073,1.06092,1.00,1.00
2018.03.27 05:33:56.806,1.06074,1.06093,1.00,1.50
2018.03.27 05:34:02.001,1.06073,1.06093,1.00,1.25
2018.03.27 05:34:02.053,1.0607,1.06093,1.00,3.00
2018.03.27 05:34:02.156,1.06069,1.0609,1.31,1.56
2018.03.27 05:34:02.538,1.06071,1.06088,1.00,1.19
2018.03.27 05:34:03.049,1.0607,1.06088,1.00,1.19
2018.03.27 05:34:03.637,1.06072,1.06088,1.00,1.19
2018.03.27 05:34:04.046,1.0607,1.06088,1.00,1.25
2018.03.27 05:34:06.460,1.06072,1.0609,1.00,1.31
2018.03.27 05:34:07.554,1.06072,1.0609,1.00,1.00
2018.03.27 05:34:07.865,1.0607,1.0609,1.00,1.00
2018.03.27 05:34:07.969,1.0607,1.06089,1.00,1.19
2018.03.27 05:34:08.425,1.0607,1.0609,1.00,1.00
2018.03.27 05:34:08.477,1.06072,1.0609,1.00,1.25
2018.03.27 05:34:08.786,1.06075,1.06092,1.00,1.00
2018.03.27 05:34:08.838,1.06073,1.06092,1.00,1.00
2018.03.27 05:34:09.197,1.06072,1.06092,1.00,1.31
2018.03.27 05:34:09.351,1.0607,1.0609,1.00,1.25
2018.03.27 05:34:09.918,1.06071,1.0609,1.00,1.25
2018.03.27 05:34:10.588,1.06072,1.0609,1.00,1.25
2018.03.27 05:34:10.742,1.06074,1.0609,1.00,1.25
2018.03.27 05:34:12.412,1.06074,1.06092,1.00,1.25
2018.03.27 05:34:13.933,1.06074,1.06092,1.00,1.50
2018.03.27 05:34:16.917,1.06075,1.06092,1.00,1.31
2018.03.27 05:34:17.437,1.06074,1.06092,1.00,1.19
2018.03.27 05:34:18.586,1.06074,1.06092,1.00,1.31
2018.03.27 05:34:22.565,1.06075,1.06092,1.00,1.19
2018.03.27 05:34:23.021,1.06074,1.06093,1.00,1.56
2018.03.27 05:34:23.072,1.06074,1.06093,1.00,1.56
2018.03.27 05:34:23.622,1.06075,1.06093,1.00,1.56
2018.03.27 05:34:23.674,1.06073,1.06093,1.00,1.56
2018.03.27 05:34:24.840,1.06073,1.06093,1.00,1.00
2018.03.27 05:34:26.569,1.06074,1.06093,1.00,1.00
2018.03.27 05:34:30.168,1.06076,1.06093,1.00,1.00
2018.03.27 05:34:30.706,1.06075,1.06093,1.00,1.00
2018.03.27 05:34:31.217,1.06076,1.06093,1.00,1.00
2018.03.27 05:34:31.396,1.06074,1.06093,1.25,1.50
2018.03.27 05:34:32.744,1.06074,1.06093,1.19,1.00
2018.03.27 05:34:37.664,1.06074,1.06093,1.25,1.50
2018.03.27 05:34:45.015,1.06071,1.06091,1.50,1.00
2018.03.27 05:34:45.534,1.06073,1.06092,1.25,1.00
2018.03.27 05:34:45.842,1.06075,1.06092,1.00,1.00
2018.03.27 05:34:48.312,1.06074,1.06092,1.00,1.00
2018.03.27 05:34:48.364,1.06076,1.06096,1.00,2.06
2018.03.27 05:34:48.897,1.06076,1.06096,1.00,3.56
2018.03.27 05:34:49.001,1.06074,1.06096,1.25,2.81
2018.03.27 05:34:49.053,1.06074,1.06096,1.75,2.44
2018.03.27 05:34:49.463,1.06077,1.06096,1.75,1.88
2018.03.27 05:34:49.566,1.06079,1.06098,1.19,1.00
2018.03.27 05:34:50.124,1.0608,1.06099,1.19,1.88
2018.03.27 05:34:54.360,1.0608,1.06099,1.75,1.00
2018.03.27 05:34:54.412,1.06082,1.06101,1.50,1.00
2018.03.27 05:34:54.908,1.06083,1.06103,1.69,1.13
2018.03.27 05:34:55.408,1.06083,1.06101,1.19,1.00
2018.03.27 05:34:55.981,1.06083,1.06103,1.19,2.06
2018.03.27 05:35:00.782,1.0608,1.061,2.06,1.69
2018.03.27 05:35:00.885,1.06081,1.06102,2.00,1.87
2018.03.27 05:35:01.425,1.06082,1.06101,1.50,1.00
2018.03.27 05:35:02.016,1.06082,1.061,1.50,1.00
2018.03.27 05:35:03.498,1.06082,1.06101,1.50,1.88
2018.03.27 05:35:28.239,1.06085,1.06101,1.19,1.00
2018.03.27 05:35:30.105,1.06085,1.06105,1.31,2.25
2018.03.27 05:35:34.940,1.06085,1.06102,2.06,1.00
2018.03.27 05:35:35.983,1.06085,1.06102,1.12,1.00
2018.03.27 05:35:40.373,1.06086,1.06102,1.00,1.00
2018.03.27 05:35:49.268,1.06086,1.06106,2.25,1.87
2018.03.27 05:35:49.319,1.06089,1.06108,1.00,4.13
2018.03.27 05:35:49.627,1.0609,1.06109,2.25,1.25
2018.03.27 05:35:49.935,1.06086,1.06104,1.00,1.25
2018.03.27 05:36:00.394,1.06086,1.06104,1.12,1.44
2018.03.27 05:36:00.700,1.06086,1.06107,1.87,1.00
2018.03.27 05:36:01.004,1.06092,1.06109,1.25,1.50
2018.03.27 05:36:01.676,1.06093,1.06109,1.00,1.00
2018.03.27 05:36:02.795,1.06093,1.0611,1.25,1.50
2018.03.27 05:36:04.176,1.06093,1.06109,1.25,1.00
2018.03.27 05:36:04.476,1.06093,1.06111,1.25,2.06
2018.03.27 05:36:05.200,1.06093,1.0611,1.25,1.00
2018.03.27 05:36:05.976,1.06093,1.06111,1.25,1.13
2018.03.27 05:36:06.483,1.06093,1.0611,1.25,1.00
2018.03.27 05:36:07.295,1.06093,1.06112,1.25,3.00
2018.03.27 05:36:09.768,1.06093,1.06112,1.19,1.87
2018.03.27 05:36:10.279,1.06092,1.06112,2.25,1.25
2018.03.27 05:36:11.090,1.06095,1.06112,1.19,1.25
2018.03.27 05:36:22.342,1.06094,1.06112,1.19,1.25
2018.03.27 05:36:30.277,1.06094,1.06112,1.25,2.25
2018.03.27 05:36:30.826,1.06092,1.06111,1.50,1.00
2018.03.27 05:36:31.856,1.06092,1.06111,1.25,1.00
2018.03.27 05:36:33.851,1.06092,1.06109,1.25,1.00
2018.03.27 05:36:34.392,1.06093,1.06109,1.00,1.00
2018.03.27 05:36:39.866,1.06095,1.06114,1.00,1.63
2018.03.27 05:36:39.919,1.06096,1.06114,1.50,1.00
2018.03.27 05:36:40.022,1.06095,1.06114,1.50,1.81
2018.03.27 05:36:40.126,1.06091,1.06109,1.00,1.25
2018.03.27 05:36:41.826,1.06093,1.06109,1.00,1.25
2018.03.27 05:36:43.842,1.06091,1.06109,1.00,1.25
2018.03.27 05:36:44.993,1.06092,1.06109,1.00,1.25
2018.03.27 05:36:52.384,1.06091,1.06109,1.00,1.25
2018.03.27 05:36:55.214,1.0609,1.06109,1.00,1.25
2018.03.27 05:36:59.032,1.06091,1.06109,1.00,1.25
2018.03.27 05:36:59.580,1.0609,1.06109,1.00,1.69
2018.03.27 05:37:09.489,1.06091,1.06109,1.25,1.00
2018.03.27 05:37:09.540,1.06093,1.06109,1.00,1.00
2018.03.27 05:37:09.592,1.06093,1.06111,1.00,1.00
2018.03.27 05:37:10.398,1.06094,1.06111,1.00,1.00
2018.03.27 05:37:10.450,1.06094,1.06114,1.00,1.44
2018.03.27 05:37:11.013,1.06094,1.06114,1.50,1.25
2018.03.27 05:37:12.245,1.06094,1.06114,1.50,1.19
2018.03.27 05:37:12.960,1.06094,1.06114,1.50,1.25
2018.03.27 05:37:13.467,1.06094,1.06114,1.50,1.19
2018.03.27 05:37:14.009,1.06094,1.06114,1.50,1.25
2018.03.27 05:37:14.777,1.06094,1.06114,1.50,1.19
2018.03.27 05:37:15.081,1.06096,1.06114,1.00,1.25
2018.03.27 05:37:15.629,1.06096,1.06115,1.00,1.25
2018.03.27 05:37:16.144,1.06096,1.06115,1.00,1.19
2018.03.27 05:37:16.655,1.06096,1.06115,1.00,1.25
2018.03.27 05:37:17.188,1.06096,1.06114,1.00,1.00
2018.03.27 05:37:29.863,1.06096,1.06114,1.19,1.00
2018.03.27 05:37:30.369,1.06098,1.06114,1.00,1.00
2018.03.27 05:37:31.099,1.06098,1.06114,1.19,1.00
2018.03.27 05:37:31.390,1.06098,1.06116,1.19,1.00
2018.03.27 05:37:40.373,1.06098,1.06115,1.19,1.00
2018.03.27 05:37:42.210,1.06097,1.06116,1.31,1.50
2018.03.27 05:37:42.261,1.06097,1.06116,1.31,1.87
2018.03.27 05:37:42.813,1.06097,1.06116,1.31,2.06
2018.03.27 05:37:42.966,1.06097,1.06116,2.06,1.00
2018.03.27 05:37:47.353,1.06097,1.06116,1.31,1.87
2018.03.27 05:37:51.087,1.06097,1.06116,1.00,1.87
2018.03.27 05:37:51.319,1.06094,1.06114,1.00,1.19
2018.03.27 05:37:52.366,1.06094,1.06114,1.00,1.19
2018.03.27 05:37:52.875,1.06093,1.06111,1.00,1.00
2018.03.27 05:37:57.533,1.06092,1.06111,1.00,1.00
2018.03.27 05:37:58.092,1.06091,1.06111,1.25,1.00
2018.03.27 05:38:00.161,1.06089,1.06111,1.50,1.50
2018.03.27 05:38:00.213,1.06089,1.06109,1.31,1.00
2018.03.27 05:38:01.596,1.06087,1.06109,1.69,2.25
2018.03.27 05:38:03.393,1.06089,1.06109,1.00,1.69
2018.03.27 05:38:15.245,1.06089,1.06108,1.87,1.00
2018.03.27 05:38:17.778,1.06089,1.06109,1.12,1.50
2018.03.27 05:38:19.937,1.0609,1.06109,1.00,1.00
2018.03.27 05:38:20.714,1.06089,1.06109,1.12,1.00
2018.03.27 05:38:52.919,1.06088,1.06109,3.00,1.00
2018.03.27 05:38:55.947,1.06089,1.06109,1.12,1.00
2018.03.27 05:38:56.452,1.06088,1.06109,1.00,1.00
2018.03.27 05:39:01.020,1.06088,1.06111,1.50,1.12
2018.03.27 05:39:04.246,1.06088,1.0611,1.00,1.00
2018.03.27 05:39:04.350,1.06086,1.06107,1.50,1.00
2018.03.27 05:39:07.966,1.06085,1.06104,1.25,1.00
2018.03.27 05:39:11.296,1.06083,1.06104,1.19,1.50
2018.03.27 05:39:17.311,1.06084,1.06107,1.69,1.50
2018.03.27 05:39:17.822,1.06084,1.06107,1.19,1.00
2018.03.27 05:39:18.948,1.06085,1.06108,1.69,1.00
2018.03.27 05:39:23.761,1.06085,1.06106,1.25,1.00
2018.03.27 05:39:37.248,1.06083,1.06104,2.25,1.00
2018.03.27 05:39:37.552,1.06087,1.06106,2.06,1.00
2018.03.27 05:39:38.210,1.06084,1.06105,1.37,1.00
2018.03.27 05:39:38.262,1.06082,1.06103,1.94,1.50
2018.03.27 05:39:38.363,1.0608,1.06103,1.87,1.69
2018.03.27 05:39:38.466,1.06079,1.061,1.00,1.00
2018.03.27 05:39:39.034,1.06079,1.06099,1.00,1.00
2018.03.27 05:39:40.427,1.06079,1.061,1.00,1.00
2018.03.27 05:39:40.949,1.06078,1.06099,1.25,1.25
2018.03.27 05:39:46.428,1.06079,1.06099,1.00,1.25
2018.03.27 05:39:47.477,1.06078,1.06099,1.69,1.25
2018.03.27 05:39:47.859,1.0608,1.06099,1.19,1.00
2018.03.27 05:39:47.910,1.0608,1.06101,1.19,1.00
2018.03.27 05:39:48.068,1.06081,1.06101,1.31,1.00
2018.03.27 05:39:48.273,1.06084,1.06105,1.19,1.50
2018.03.27 05:39:54.642,1.06085,1.06106,1.25,1.00
2018.03.27 05:39:57.447,1.06085,1.06106,1.19,1.00
2018.03.27 05:39:57.755,1.06085,1.06108,1.19,1.00
2018.03.27 05:39:58.463,1.06087,1.06108,1.31,1.00
2018.03.27 05:40:00.084,1.06087,1.06108,1.56,1.00
2018.03.27 05:40:00.620,1.06088,1.06109,1.81,1.00
2018.03.27 05:40:01.186,1.06088,1.06109,1.81,1.00
2018.03.27 05:40:05.340,1.06088,1.06109,1.56,1.25
2018.03.27 05:40:13.143,1.06088,1.06108,1.31,1.37
2018.03.27 05:40:14.106,1.06088,1.06108,1.31,1.00
2018.03.27 05:40:14.647,1.06088,1.06109,1.31,1.50
2018.03.27 05:40:46.458,1.06086,1.06108,2.06,1.00
2018.03.27 05:40:48.625,1.06086,1.06109,1.56,1.50
2018.03.27 05:40:48.676,1.06086,1.06108,1.31,1.00
2018.03.27 05:40:49.726,1.06084,1.06107,1.81,1.69
2018.03.27 05:40:54.542,1.06084,1.06107,1.81,1.50
2018.03.27 05:40:57.400,1.06085,1.06107,1.12,1.50
2018.03.27 05:40:57.554,1.06087,1.06109,1.56,1.50
2018.03.27 05:40:58.563,1.06087,1.06109,1.56,1.50
2018.03.27 05:41:00.236,1.06086,1.06107,1.19,1.00
2018.03.27 05:41:00.288,1.06085,1.06107,1.69,1.00
2018.03.27 05:41:00.339,1.06083,1.06104,1.19,1.50
2018.03.27 05:41:00.647,1.06086,1.06105,2.00,1.00
2018.03.27 05:41:00.699,1.06086,1.06109,2.00,1.00
2018.03.27 05:41:02.246,1.06086,1.06109,2.00,1.25
2018.03.27 05:41:03.457,1.06087,1.06108,1.50,1.00
2018.03.27 05:41:03.509,1.06085,1.06108,2.06,1.00
2018.03.27 05:41:03.624,1.06084,1.06104,1.19,1.00
2018.03.27 05:41:03.677,1.06082,1.06107,3.19,1.50
2018.03.27 05:41:04.179,1.06083,1.06107,1.19,2.44
2018.03.27 05:41:04.922,1.06083,1.06107,1.25,2.44
2018.03.27 05:41:05.153,1.06082,1.06104,1.69,1.00
2018.03.27 05:41:05.501,1.06082,1.06104,2.81,1.00
2018.03.27 05:41:06.652,1.06082,1.06104,2.25,1.00
2018.03.27 05:41:11.434,1.06082,1.06104,1.19,1.25
2018.03.27 05:41:11.681,1.06081,1.06103,2.25,1.00
2018.03.27 05:41:17.678,1.06081,1.06103,2.62,1.00
2018.03.27 05:41:19.687,1.06081,1.06105,2.25,1.00
2018.03.27 05:41:20.981,1.06081,1.06105,2.44,1.25
2018.03.27 05:41:23.664,1.06081,1.06104,3.37,1.12
2018.03.27 05:41:24.434,1.06081,1.06103,3.19,1.00
2018.03.27 05:41:25.119,1.06082,1.06103,1.12,1.00
2018.03.27 05:41:30.849,1.06081,1.06103,2.25,1.00
2018.03.27 05:41:32.303,1.06082,1.06104,1.00,1.87
2018.03.27 05:41:32.457,1.06081,1.06102,1.00,1.00
2018.03.27 05:41:32.508,1.06079,1.06101,1.87,1.00
2018.03.27 05:41:33.096,1.06078,1.06101,1.50,1.50
2018.03.27 05:41:36.168,1.0608,1.06101,1.00,1.50
2018.03.27 05:41:37.633,1.06078,1.06101,2.06,1.50
2018.03.27 05:41:39.873,1.06078,1.06101,2.62,1.00
2018.03.27 05:41:40.403,1.06078,1.06101,2.44,1.00
2018.03.27 05:41:40.940,1.0608,1.06101,1.00,1.00
2018.03.27 05:41:41.258,1.06084,1.06104,1.19,1.00
2018.03.27 05:41:41.799,1.06082,1.06105,1.50,1.00
2018.03.27 05:41:43.093,1.06083,1.06104,1.75,1.00
2018.03.27 05:41:43.631,1.06083,1.06104,1.75,1.25
2018.03.27 05:41:44.947,1.06083,1.06104,2.25,1.25
2018.03.27 05:41:46.324,1.06083,1.06104,1.69,1.19
2018.03.27 05:41:47.430,1.06083,1.06103,1.19,1.00
2018.03.27 05:41:47.992,1.06082,1.06102,1.50,1.00
2018.03.27 05:41:50.090,1.06081,1.06103,1.31,1.00
2018.03.27 05:41:56.674,1.06081,1.06104,2.06,1.50
2018.03.27 05:42:05.682,1.06083,1.06106,1.19,1.69
2018.03.27 05:42:06.323,1.06083,1.06106,1.00,1.69
2018.03.27 05:42:06.529,1.0608,1.06101,1.00,1.00
2018.03.27 05:42:07.085,1.06079,1.06101,1.25,1.50
2018.03.27 05:42:10.982,1.06078,1.061,1.37,1.00
2018.03.27 05:42:11.322,1.06083,1.06103,1.12,1.00
2018.03.27 05:42:11.527,1.06081,1.06101,2.06,1.00
2018.03.27 05:42:11.731,1.06081,1.06103,1.56,1.00
2018.03.27 05:42:12.175,1.06083,1.06104,1.87,1.50
2018.03.27 05:42:12.483,1.06087,1.06106,1.31,1.25
2018.03.27 05:42:12.943,1.06086,1.06106,1.44,1.69
2018.03.27 05:42:12.994,1.06084,1.06106,1.19,1.19
2018.03.27 05:42:13.314,1.06083,1.061,1.19,1.00
2018.03.27 05:42:13.616,1.06083,1.06103,1.19,1.00
2018.03.27 05:42:16.858,1.06081,1.06103,1.69,1.00
2018.03.27 05:42:20.530,1.06082,1.06103,1.25,1.00
2018.03.27 05:42:20.634,1.06083,1.06101,1.12,1.00
2018.03.27 05:42:20.687,1.06083,1.06103,1.31,1.00
2018.03.27 05:42:22.037,1.06083,1.06105,2.62,1.19
2018.03.27 05:42:22.592,1.06083,1.06105,2.62,1.00
2018.03.27 05:42:23.121,1.06083,1.06105,2.06,1.00
2018.03.27 05:42:24.097,1.06085,1.06106,1.12,1.19
2018.03.27 05:42:24.644,1.06086,1.06106,1.81,1.25
2018.03.27 05:42:25.430,1.06085,1.06106,1.31,1.69
2018.03.27 05:42:25.546,1.06086,1.06106,1.56,1.69
2018.03.27 05:42:26.648,1.06086,1.06106,1.56,1.69
2018.03.27 05:42:26.907,1.0609,1.06112,1.19,1.00
2018.03.27 05:42:28.875,1.06092,1.06112,1.00,1.00
2018.03.27 05:42:34.488,1.06092,1.06113,1.56,1.19
2018.03.27 05:42:35.060,1.06093,1.06114,1.31,1.87
2018.03.27 05:42:35.574,1.06093,1.06114,1.31,2.06
2018.03.27 05:42:36.114,1.06093,1.06114,1.56,1.87
2018.03.27 05:42:39.563,1.06093,1.06114,1.81,1.37
2018.03.27 05:42:40.995,1.06093,1.06115,1.81,1.37
2018.03.27 05:42:41.606,1.06094,1.06115,1.56,1.12
2018.03.27 05:42:43.036,1.06094,1.06115,1.56,1.12
2018.03.27 05:42:43.393,1.06096,1.06115,1.81,1.25
2018.03.27 05:42:47.315,1.06096,1.06115,1.81,1.25
2018.03.27 05:42:48.118,1.06096,1.06115,1.81,1.19
2018.03.27 05:42:48.647,1.06096,1.06115,1.56,1.19
2018.03.27 05:42:49.627,1.06096,1.06115,1.56,1.19
2018.03.27 05:42:54.376,1.06099,1.06119,1.56,2.44
2018.03.27 05:42:54.428,1.06099,1.06119,1.56,1.00
2018.03.27 05:42:54.480,1.06101,1.06122,1.56,2.44
2018.03.27 05:42:55.031,1.06102,1.06123,1.50,1.12
2018.03.27 05:42:55.647,1.06102,1.06123,2.06,1.12
2018.03.27 05:42:56.193,1.06102,1.06124,1.31,2.81
2018.03.27 05:42:56.707,1.06102,1.06123,2.06,1.69
2018.03.27 05:42:57.474,1.06102,1.06125,2.06,2.06
2018.03.27 05:43:00.167,1.06101,1.06122,1.75,1.00
2018.03.27 05:43:00.476,1.06097,1.0612,1.87,2.44
2018.03.27 05:43:01.437,1.061,1.0612,1.56,1.19
2018.03.27 05:43:01.540,1.06099,1.06119,1.50,1.25
2018.03.27 05:43:02.084,1.06099,1.0612,1.56,1.00
2018.03.27 05:43:02.674,1.06099,1.06121,1.81,1.00
2018.03.27 05:43:03.577,1.06098,1.06119,1.31,1.19
2018.03.27 05:43:03.629,1.06094,1.06116,1.44,2.25
2018.03.27 05:43:04.728,1.06094,1.06116,1.31,1.50
2018.03.27 05:43:06.196,1.06094,1.06116,1.19,1.50
2018.03.27 05:43:07.526,1.06093,1.06115,2.06,1.25
2018.03.27 05:43:08.126,1.06093,1.06115,1.56,1.44
2018.03.27 05:43:08.646,1.06093,1.06115,2.06,1.25
2018.03.27 05:43:11.907,1.06093,1.06115,1.56,1.62
2018.03.27 05:43:12.436,1.06093,1.06114,1.56,2.06
2018.03.27 05:43:13.264,1.06093,1.06114,1.19,2.06
2018.03.27 05:43:13.699,1.06093,1.06116,1.19,2.25
2018.03.27 05:43:13.802,1.06093,1.06116,1.56,3.37
2018.03.27 05:43:14.360,1.06093,1.06115,1.19,1.87
2018.03.27 05:43:14.411,1.06096,1.06114,1.12,1.69
2018.03.27 05:43:14.513,1.06096,1.06116,1.12,3.94
2018.03.27 05:43:15.629,1.06096,1.06116,1.12,1.69
2018.03.27 05:43:16.213,1.06096,1.06116,1.12,2.81
2018.03.27 05:43:17.172,1.06096,1.06116,1.12,2.06
2018.03.27 05:43:17.746,1.06094,1.06116,1.75,2.44
2018.03.27 05:43:22.814,1.06091,1.06113,3.00,1.25
2018.03.27 05:43:25.588,1.06091,1.06114,3.00,3.37
2018.03.27 05:43:25.639,1.06091,1.06114,3.00,2.44
2018.03.27 05:43:25.976,1.0609,1.0611,1.31,1.00
2018.03.27 05:43:26.695,1.06089,1.06111,1.81,1.69
2018.03.27 05:43:26.800,1.0609,1.06111,1.12,1.50
2018.03.27 05:43:26.960,1.06088,1.06111,2.44,1.25
2018.03.27 05:43:28.306,1.0609,1.06111,1.19,1.00
2018.03.27 05:43:28.637,1.06088,1.06109,1.12,1.00
2018.03.27 05:43:32.629,1.06088,1.06109,1.19,1.00
2018.03.27 05:43:34.249,1.06089,1.06109,1.19,1.00
2018.03.27 05:43:34.633,1.06089,1.06111,1.19,1.00
2018.03.27 05:43:35.227,1.06091,1.06114,1.50,1.69
2018.03.27 05:43:35.432,1.06092,1.06114,1.12,1.69
2018.03.27 05:43:35.536,1.06089,1.06111,2.44,1.00
2018.03.27 05:43:35.894,1.06089,1.06113,1.50,2.44
2018.03.27 05:43:36.495,1.06088,1.06109,1.25,1.00
2018.03.27 05:43:36.902,1.06086,1.06107,1.19,1.00
2018.03.27 05:43:38.015,1.06086,1.06107,1.25,1.00
2018.03.27 05:43:38.967,1.06088,1.06109,1.25,1.00
2018.03.27 05:43:39.166,1.06088,1.06111,1.69,1.00
2018.03.27 05:43:39.766,1.06088,1.06111,1.69,1.44
2018.03.27 05:43:40.332,1.06088,1.06111,1.69,1.00
2018.03.27 05:43:41.005,1.06088,1.06111,1.69,1.31
2018.03.27 05:43:41.650,1.06088,1.06111,2.06,2.06
2018.03.27 05:43:42.227,1.06088,1.06111,2.06,2.81
2018.03.27 05:43:42.777,1.06088,1.06111,2.06,1.12
2018.03.27 05:43:43.300,1.06088,1.06111,2.81,1.31
2018.03.27 05:43:45.260,1.06089,1.06111,1.00,1.62
2018.03.27 05:43:45.311,1.06089,1.06111,1.56,1.56
2018.03.27 05:43:48.709,1.06089,1.0611,1.56,1.25
2018.03.27 05:43:49.283,1.06089,1.0611,1.56,1.25
2018.03.27 05:43:50.803,1.06089,1.06111,1.56,3.00
2018.03.27 05:43:51.346,1.06089,1.06111,1.56,3.00
2018.03.27 05:43:53.563,1.06089,1.06111,1.56,2.06
2018.03.27 05:43:55.095,1.06089,1.06111,1.56,2.25
2018.03.27 05:43:55.928,1.06089,1.06111,1.56,1.87
2018.03.27 05:43:56.442,1.06088,1.06109,3.00,1.12
2018.03.27 05:43:56.493,1.06088,1.06111,3.00,2.62
2018.03.27 05:43:57.000,1.06088,1.06111,2.25,3.56
2018.03.27 05:43:57.669,1.06088,1.06111,2.06,3.75
2018.03.27 05:43:58.447,1.06089,1.06111,1.19,2.25
2018.03.27 05:43:59.200,1.06088,1.0611,2.06,1.00
2018.03.27 05:43:59.747,1.06088,1.06111,2.06,1.12
2018.03.27 05:44:00.745,1.06088,1.06111,2.06,1.44
2018.03.27 05:44:01.278,1.06089,1.06111,1.19,1.62
2018.03.27 05:44:02.248,1.06089,1.06111,1.56,2.06
2018.03.27 05:44:02.783,1.06089,1.06111,1.56,1.12
2018.03.27 05:44:03.143,1.06089,1.06111,1.56,1.62
2018.03.27 05:44:04.783,1.0609,1.06111,1.31,1.50
2018.03.27 05:44:04.936,1.06091,1.06112,1.87,1.25
2018.03.27 05:44:05.039,1.06091,1.06114,1.87,2.44
2018.03.27 05:44:05.563,1.06091,1.06114,1.87,2.44
2018.03.27 05:44:06.158,1.06091,1.06114,1.87,2.81
2018.03.27 05:44:06.432,1.06091,1.06114,1.50,3.56
2018.03.27 05:44:06.688,1.06089,1.06113,2.62,1.31
2018.03.27 05:44:07.575,1.06089,1.06112,2.06,2.06
2018.03.27 05:44:07.915,1.06091,1.06113,1.56,1.69
2018.03.27 05:44:08.514,1.06091,1.06113,1.56,2.81
2018.03.27 05:44:09.300,1.06091,1.06114,2.06,2.81
2018.03.27 05:44:09.858,1.06091,1.06114,2.06,1.69
2018.03.27 05:44:22.191,1.06092,1.06114,1.81,2.06
2018.03.27 05:44:25.175,1.06091,1.06114,2.81,1.62
2018.03.27 05:44:29.249,1.06093,1.06114,1.56,1.19
2018.03.27 05:44:29.402,1.06093,1.06114,1.56,1.25
2018.03.27 05:44:34.853,1.06092,1.0611,2.25,1.00
2018.03.27 05:44:35.392,1.06093,1.06114,1.56,2.06
2018.03.27 05:44:37.304,1.06096,1.06115,1.31,1.69
2018.03.27 05:44:37.959,1.06097,1.06116,1.19,1.87
2018.03.27 05:44:38.935,1.06099,1.06116,1.19,1.69
2018.03.27 05:44:39.463,1.06099,1.06116,1.19,1.69
2018.03.27 05:44:39.806,1.06098,1.06116,1.00,1.69
2018.03.27 05:44:39.857,1.06098,1.06116,1.31,1.19
2018.03.27 05:44:40.032,1.06095,1.06116,1.37,1.69
2018.03.27 05:44:40.237,1.06095,1.06116,1.00,2.62
2018.03.27 05:44:40.928,1.06094,1.06115,1.00,1.25
2018.03.27 05:44:41.133,1.06093,1.06115,1.69,1.19
2018.03.27 05:44:41.659,1.06093,1.06116,1.69,2.06
2018.03.27 05:44:42.190,1.06093,1.06115,1.69,2.06
2018.03.27 05:44:42.751,1.06093,1.06115,1.69,1.87
2018.03.27 05:44:42.964,1.06093,1.06115,2.06,1.87
2018.03.27 05:44:43.491,1.06093,1.06115,2.06,1.62
2018.03.27 05:44:44.154,1.06093,1.06115,2.25,1.19
2018.03.27 05:44:44.599,1.06096,1.06116,1.19,1.25
2018.03.27 05:44:45.190,1.06096,1.06116,1.19,1.69
2018.03.27 05:44:46.936,1.06096,1.06116,1.19,1.69
2018.03.27 05:44:55.612,1.06096,1.06116,1.69,2.06
2018.03.27 05:44:57.140,1.06096,1.06116,1.50,1.50
2018.03.27 05:45:00.526,1.06096,1.06117,1.50,1.69
2018.03.27 05:45:02.199,1.06097,1.06117,1.00,1.87
2018.03.27 05:45:02.627,1.06098,1.06117,1.00,1.69
2018.03.27 05:45:03.743,1.06098,1.06117,1.00,1.19
2018.03.27 05:45:04.160,1.06096,1.06118,1.69,2.44
2018.03.27 05:45:04.720,1.06098,1.06118,1.00,1.69
2018.03.27 05:45:05.224,1.06099,1.06118,1.00,1.69
2018.03.27 05:45:05.746,1.061,1.06119,1.50,1.19
2018.03.27 05:45:06.331,1.06102,1.0612,1.00,1.19
2018.03.27 05:45:06.856,1.06102,1.0612,1.00,1.19
2018.03.27 05:45:10.231,1.06101,1.06121,1.00,1.69
2018.03.27 05:45:12.431,1.06101,1.0612,1.00,1.25
2018.03.27 05:45:19.846,1.061,1.0612,1.00,1.69
2018.03.27 05:45:20.178,1.061,1.06118,1.00,1.37
2018.03.27 05:45:23.131,1.061,1.06119,1.00,1.37
2018.03.27 05:45:23.636,1.061,1.0612,1.00,1.37
2018.03.27 05:45:24.151,1.06101,1.06118,1.00,1.00
2018.03.27 05:45:24.931,1.06101,1.06119,1.00,1.31
2018.03.27 05:45:25.441,1.06105,1.06123,1.00,1.19
2018.03.27 05:45:25.493,1.06103,1.06123,1.00,1.19
2018.03.27 05:45:26.033,1.06104,1.06123,1.00,1.19
2018.03.27 05:45:26.279,1.06102,1.06123,1.50,1.19
2018.03.27 05:45:30.851,1.06104,1.06123,1.00,1.19
2018.03.27 05:45:31.404,1.06104,1.06125,1.00,1.87
2018.03.27 05:45:31.559,1.06106,1.06127,1.00,1.50
2018.03.27 05:45:32.094,1.06107,1.06127,1.00,1.00
2018.03.27 05:45:35.394,1.06109,1.06127,1.00,1.00
2018.03.27 05:45:35.897,1.06108,1.06127,1.00,1.00
2018.03.27 05:45:36.398,1.06107,1.06127,1.00,1.00
2018.03.27 05:45:36.955,1.06106,1.06127,1.00,1.50
2018.03.27 05:45:37.161,1.06104,1.06127,1.69,1.69
2018.03.27 05:45:37.398,1.06108,1.06127,1.00,1.00
2018.03.27 05:45:37.709,1.06109,1.06127,1.19,1.00
2018.03.27 05:45:39.235,1.06109,1.06127,1.25,1.00
2018.03.27 05:45:39.338,1.06109,1.06129,1.25,1.00
2018.03.27 05:45:39.982,1.06107,1.06129,1.00,1.19
2018.03.27 05:45:40.858,1.06107,1.06129,1.00,1.12
2018.03.27 05:45:40.910,1.06107,1.06129,1.00,2.06
2018.03.27 05:45:40.961,1.06107,1.06129,1.00,1.50
2018.03.27 05:45:42.474,1.06107,1.06129,1.00,1.81
2018.03.27 05:45:43.050,1.06105,1.06126,1.00,1.50
2018.03.27 05:45:43.306,1.06107,1.06126,1.00,1.00
2018.03.27 05:45:43.809,1.06106,1.06126,1.00,1.00
2018.03.27 05:45:47.480,1.06105,1.06126,1.00,1.00
2018.03.27 05:45:48.118,1.06104,1.06125,1.00,1.00
2018.03.27 05:45:52.358,1.06104,1.06125,1.19,1.00
2018.03.27 05:45:53.452,1.06103,1.06124,2.25,1.00
2018.03.27 05:45:55.036,1.06103,1.06126,1.50,1.50
2018.03.27 05:45:55.191,1.06108,1.06128,1.19,1.50
2018.03.27 05:45:55.707,1.06108,1.06128,1.19,1.00
2018.03.27 05:45:57.897,1.06108,1.06128,1.00,1.00
2018.03.27 05:45:58.171,1.06105,1.06126,1.00,1.75
2018.03.27 05:45:58.326,1.06103,1.06126,2.62,2.25
2018.03.27 05:45:58.429,1.06103,1.06126,2.62,1.50
2018.03.27 05:45:58.481,1.06104,1.06126,1.00,2.25
2018.03.27 05:45:58.533,1.06104,1.06125,1.50,1.00
2018.03.27 05:45:58.924,1.06106,1.06126,1.00,1.00
2018.03.27 05:46:01.413,1.06105,1.06126,1.00,1.00
2018.03.27 05:46:06.339,1.06103,1.06124,1.69,1.00
2018.03.27 05:46:08.833,1.06104,1.06125,1.00,1.00
2018.03.27 05:46:09.351,1.06104,1.06126,1.00,1.50
2018.03.27 05:46:10.086,1.06104,1.06126,1.00,1.19
2018.03.27 05:46:10.636,1.06105,1.06126,1.00,1.00
2018.03.27 05:46:12.070,1.06105,1.06127,1.50,1.00
2018.03.27 05:46:12.588,1.06106,1.06127,1.00,1.50
2018.03.27 05:46:13.098,1.06107,1.06127,1.00,1.00
2018.03.27 05:46:14.036,1.06106,1.06127,1.00,1.00
2018.03.27 05:46:18.553,1.06105,1.06127,1.00,1.00
2018.03.27 05:46:22.365,1.06106,1.06127,1.00,1.00
2018.03.27 05:46:23.295,1.06107,1.06127,1.50,1.00
2018.03.27 05:46:25.556,1.06106,1.06127,1.00,1.00
2018.03.27 05:46:26.164,1.06107,1.06127,1.00,1.00
2018.03.27 05:46:26.976,1.06106,1.06127,1.00,1.00
2018.03.27 05:46:27.495,1.06105,1.06127,1.00,1.50
2018.03.27 05:46:33.569,1.06104,1.06127,1.00,1.50
2018.03.27 05:46:33.874,1.06107,1.0613,1.19,1.25
2018.03.27 05:46:34.455,1.06107,1.0613,1.69,1.50
2018.03.27 05:46:35.113,1.06107,1.0613,1.19,1.00
2018.03.27 05:46:35.781,1.06109,1.06131,1.69,1.69
2018.03.27 05:46:38.141,1.06106,1.06129,1.25,1.00
2018.03.27 05:46:38.683,1.06105,1.06128,1.00,1.00
2018.03.27 05:46:39.524,1.06105,1.06127,1.00,1.00
2018.03.27 05:46:40.750,1.06104,1.06127,1.00,2.25
2018.03.27 05:46:40.801,1.06104,1.06124,1.00,1.00
2018.03.27 05:46:41.128,1.06104,1.06126,1.00,1.00
2018.03.27 05:46:41.656,1.06104,1.06125,1.00,1.00
2018.03.27 05:46:42.205,1.06104,1.06126,1.00,1.00
2018.03.27 05:46:45.696,1.06104,1.06124,1.00,1.00
2018.03.27 05:46:45.748,1.06102,1.06125,1.25,1.50
2018.03.27 05:46:45.851,1.06104,1.06125,1.19,1.00
2018.03.27 05:46:45.902,1.06106,1.06128,1.25,1.00
2018.03.27 05:46:45.954,1.06108,1.0613,1.19,1.50
2018.03.27 05:46:46.108,1.0611,1.06132,1.00,1.69
2018.03.27 05:46:54.140,1.06108,1.0613,1.00,1.00
2018.03.27 05:46:54.191,1.06106,1.06129,1.00,1.50
2018.03.27 05:46:54.447,1.06106,1.06127,1.00,1.00
2018.03.27 05:46:55.722,1.06106,1.06126,1.00,1.00
2018.03.27 05:46:56.273,1.06103,1.06126,1.00,1.00
2018.03.27 05:46:56.528,1.061,1.06123,1.19,1.00
2018.03.27 05:46:57.110,1.061,1.06122,1.69,1.00
2018.03.27 05:47:00.029,1.061,1.06122,1.75,1.00
2018.03.27 05:47:00.970,1.06103,1.06125,1.19,2.25
2018.03.27 05:47:01.124,1.06102,1.06125,2.44,1.00
2018.03.27 05:47:02.259,1.06103,1.06125,1.25,1.50
2018.03.27 05:47:02.310,1.061,1.06123,1.69,1.00
2018.03.27 05:47:04.194,1.06102,1.06123,1.50,1.00
2018.03.27 05:47:06.212,1.06102,1.06123,1.25,1.00
2018.03.27 05:47:09.652,1.06099,1.06121,1.19,1.50
2018.03.27 05:47:09.705,1.06098,1.0612,1.50,1.00
2018.03.27 05:47:11.010,1.06098,1.0612,1.69,1.00
2018.03.27 05:47:11.539,1.06097,1.06119,1.19,1.50
2018.03.27 05:47:12.442,1.06097,1.06119,1.25,1.50
2018.03.27 05:47:14.082,1.06099,1.06119,1.00,1.50
2018.03.27 05:47:15.558,1.06098,1.06119,1.00,1.50
2018.03.27 05:47:17.422,1.06099,1.06119,1.00,1.50
2018.03.27 05:47:18.413,1.06096,1.06119,1.69,1.00
2018.03.27 05:47:35.964,1.06095,1.06118,1.50,1.00
2018.03.27 05:47:43.075,1.06097,1.06118,1.44,1.00
2018.03.27 05:47:43.126,1.06098,1.06122,1.19,1.00
2018.03.27 05:47:43.695,1.06098,1.06121,1.44,1.00
2018.03.27 05:47:45.247,1.06097,1.0612,3.56,1.00
2018.03.27 05:47:45.554,1.06099,1.06122,1.12,1.00
2018.03.27 05:47:45.606,1.06099,1.0612,1.25,1.00
2018.03.27 05:47:46.405,1.06098,1.0612,1.69,1.00
2018.03.27 05:47:50.718,1.06096,1.06119,2.62,1.00
2018.03.27 05:47:51.612,1.06096,1.06119,2.44,1.00
2018.03.27 05:47:51.920,1.06095,1.06117,1.00,1.25
2018.03.27 05:47:53.101,1.06095,1.06117,1.44,1.25
2018.03.27 05:47:58.344,1.06096,1.0612,1.44,2.44
2018.03.27 05:47:58.853,1.06096,1.0612,1.12,2.44
2018.03.27 05:47:59.172,1.061,1.0612,1.00,1.50
2018.03.27 05:48:00.822,1.061,1.0612,1.19,1.50
2018.03.27 05:48:01.490,1.061,1.06122,1.25,2.81
2018.03.27 05:48:02.262,1.06098,1.06122,2.25,1.50
2018.03.27 05:48:02.523,1.06099,1.06122,2.44,1.00
2018.03.27 05:48:02.626,1.06102,1.06124,1.19,1.00
2018.03.27 05:48:02.883,1.06103,1.06126,1.13,1.69
2018.03.27 05:48:03.524,1.06103,1.06126,1.88,1.88
2018.03.27 05:48:06.780,1.06102,1.06125,3.56,1.00
2018.03.27 05:48:09.889,1.06101,1.06125,2.81,1.13
2018.03.27 05:48:10.487,1.06101,1.06126,1.69,1.25
2018.03.27 05:48:11.004,1.06102,1.06125,1.50,1.25
2018.03.27 05:48:12.621,1.06102,1.06126,3.75,1.00
