2018.03.22 10:00:00.282,1.0675,1.06773,1.37,1.69
2018.03.22 10:00:00.812,1.0675,1.06773,1.87,1.50
2018.03.22 10:00:00.914,1.06748,1.06774,2.62,1.00
2018.03.22 10:00:01.122,1.06749,1.06774,2.06,1.50
2018.03.22 10:00:01.173,1.0675,1.0677,1.00,1.00
2018.03.22 10:00:01.225,1.06747,1.0677,1.31,1.00
2018.03.22 10:00:01.582,1.06744,1.06768,1.31,2.25
2018.03.22 10:00:02.083,1.06744,1.06767,2.06,1.00
2018.03.22 10:00:02.452,1.06744,1.06768,1.69,2.25
2018.03.22 10:00:02.958,1.06744,1.06767,1.69,1.00
2018.03.22 10:00:03.470,1.06744,1.06767,1.31,1.50
2018.03.22 10:00:03.979,1.06743,1.06767,1.69,1.50
2018.03.22 10:00:04.550,1.06742,1.06767,2.81,2.81
2018.03.22 10:00:06.012,1.06742,1.06767,1.69,1.50
2018.03.22 10:00:06.544,1.06742,1.06767,1.19,1.00
2018.03.22 10:00:08.008,1.06744,1.06767,1.50,1.50
2018.03.22 10:00:08.160,1.06742,1.06767,2.06,1.50
2018.03.22 10:00:08.699,1.06742,1.06767,1.13,2.25
2018.03.22 10:00:09.207,1.06742,1.06767,1.37,1.50
2018.03.22 10:00:10.300,1.06742,1.06767,1.13,2.63
2018.03.22 10:00:11.556,1.06743,1.06767,1.31,1.00
2018.03.22 10:00:13.304,1.06742,1.06767,1.31,1.00
2018.03.22 10:00:13.510,1.06745,1.06767,1.25,1.00
2018.03.22 10:00:13.562,1.06745,1.06769,1.00,1.50
2018.03.22 10:00:13.615,1.06748,1.06771,1.00,1.69
2018.03.22 10:00:14.168,1.06746,1.06771,1.44,1.50
2018.03.22 10:00:14.764,1.06745,1.0677,2.25,1.25
2018.03.22 10:00:15.290,1.06746,1.06769,1.00,1.00
2018.03.22 10:00:15.598,1.06743,1.06767,1.50,1.00
2018.03.22 10:00:16.364,1.06743,1.06767,1.31,1.00
2018.03.22 10:00:16.870,1.06744,1.06769,2.25,1.13
2018.03.22 10:00:17.398,1.06744,1.06768,1.00,1.87
2018.03.22 10:00:17.919,1.06744,1.06767,1.25,1.00
2018.03.22 10:00:18.436,1.06743,1.06767,1.69,1.00
2018.03.22 10:00:18.944,1.06744,1.06767,1.50,1.00
2018.03.22 10:00:19.454,1.06743,1.06767,1.69,1.12
2018.03.22 10:00:19.992,1.06744,1.06767,1.44,1.00
2018.03.22 10:00:20.502,1.06744,1.06767,1.00,1.00
2018.03.22 10:00:21.022,1.06744,1.06765,1.00,1.00
2018.03.22 10:00:22.078,1.06744,1.06764,1.00,1.00
2018.03.22 10:00:23.706,1.0674,1.06764,1.50,1.00
2018.03.22 10:00:24.046,1.06741,1.06765,1.31,1.00
2018.03.22 10:00:24.555,1.06741,1.06766,2.63,1.50
2018.03.22 10:00:25.030,1.06741,1.06764,1.50,1.00
2018.03.22 10:00:25.349,1.06744,1.06765,1.00,1.00
2018.03.22 10:00:25.451,1.06742,1.06765,2.25,1.00
2018.03.22 10:00:26.196,1.06743,1.06765,1.25,1.00
2018.03.22 10:00:26.703,1.06743,1.06767,1.87,2.81
2018.03.22 10:00:26.754,1.06743,1.06765,1.31,1.00
2018.03.22 10:00:26.805,1.06743,1.06767,1.87,2.81
2018.03.22 10:00:26.858,1.06743,1.06765,1.12,1.00
2018.03.22 10:00:27.401,1.06743,1.06764,1.00,1.50
2018.03.22 10:00:28.017,1.06742,1.06765,1.50,1.12
2018.03.22 10:00:28.382,1.0674,1.06763,1.25,1.63
2018.03.22 10:00:28.894,1.06739,1.06762,1.12,1.00
2018.03.22 10:00:29.468,1.06738,1.06761,2.06,1.00
2018.03.22 10:00:29.520,1.06737,1.06762,1.31,1.00
2018.03.22 10:00:29.674,1.06738,1.06761,1.00,1.44
2018.03.22 10:00:30.181,1.06737,1.0676,1.25,1.69
2018.03.22 10:00:30.503,1.06737,1.06758,1.25,1.12
2018.03.22 10:00:30.807,1.06738,1.06761,2.44,3.00
2018.03.22 10:00:31.010,1.06738,1.06761,2.06,2.25
2018.03.22 10:00:31.516,1.06735,1.06758,2.25,1.12
2018.03.22 10:00:32.074,1.06735,1.06759,1.31,1.50
2018.03.22 10:00:33.551,1.06735,1.06758,2.44,1.12
2018.03.22 10:00:33.739,1.06737,1.06758,1.63,1.12
2018.03.22 10:00:34.191,1.06736,1.06759,1.44,2.25
2018.03.22 10:00:34.751,1.06736,1.06759,1.31,1.00
2018.03.22 10:00:35.292,1.06735,1.0676,2.44,1.00
2018.03.22 10:00:36.167,1.06736,1.0676,1.44,1.50
2018.03.22 10:00:36.269,1.06735,1.06759,1.31,1.00
2018.03.22 10:00:36.777,1.06736,1.06759,1.00,1.00
2018.03.22 10:00:37.563,1.06735,1.06759,1.31,1.00
2018.03.22 10:00:38.210,1.06735,1.06759,1.19,1.00
2018.03.22 10:00:38.517,1.06736,1.0676,1.31,1.00
2018.03.22 10:00:38.621,1.06737,1.06762,2.44,1.50
2018.03.22 10:00:38.877,1.06737,1.0676,2.06,1.00
2018.03.22 10:00:38.929,1.06737,1.0676,1.25,1.25
2018.03.22 10:00:40.343,1.06736,1.0676,1.31,1.00
2018.03.22 10:00:40.853,1.06735,1.0676,1.31,1.00
2018.03.22 10:00:40.957,1.06735,1.0676,3.00,1.50
2018.03.22 10:00:41.498,1.06736,1.0676,2.00,1.00
2018.03.22 10:00:41.806,1.06742,1.06763,1.00,1.00
2018.03.22 10:00:42.590,1.0674,1.06764,1.12,1.50
2018.03.22 10:00:42.894,1.0674,1.06764,1.87,1.88
2018.03.22 10:00:42.945,1.0674,1.06764,1.12,1.88
2018.03.22 10:00:43.252,1.06741,1.06763,1.75,1.00
2018.03.22 10:00:43.777,1.06741,1.06764,1.75,1.00
2018.03.22 10:00:45.395,1.06742,1.06767,1.50,1.50
2018.03.22 10:00:45.857,1.06742,1.06767,1.50,1.88
2018.03.22 10:00:46.462,1.06743,1.06766,1.12,1.25
2018.03.22 10:00:46.973,1.06745,1.06768,1.25,2.44
2018.03.22 10:00:47.320,1.06739,1.06761,1.19,1.87
2018.03.22 10:00:47.527,1.0674,1.06761,1.25,1.87
2018.03.22 10:00:49.081,1.06738,1.06763,2.63,1.50
2018.03.22 10:00:52.406,1.0674,1.06763,1.00,1.25
2018.03.22 10:00:52.928,1.06739,1.06763,2.81,1.00
2018.03.22 10:00:53.486,1.06739,1.06764,3.00,1.00
2018.03.22 10:00:53.996,1.0674,1.06763,1.88,1.00
2018.03.22 10:00:54.355,1.06736,1.06759,1.00,1.00
2018.03.22 10:00:54.555,1.06734,1.06757,1.50,1.50
2018.03.22 10:00:54.863,1.06732,1.06751,1.00,1.50
2018.03.22 10:00:54.966,1.06728,1.0675,1.63,1.50
2018.03.22 10:00:55.878,1.06728,1.06751,1.25,1.50
2018.03.22 10:00:56.413,1.06728,1.0675,1.31,1.50
2018.03.22 10:00:57.402,1.06728,1.06751,1.00,1.50
2018.03.22 10:00:57.980,1.06727,1.0675,1.44,2.44
2018.03.22 10:00:58.488,1.06727,1.0675,1.69,1.00
2018.03.22 10:00:58.539,1.06727,1.0675,2.25,1.50
2018.03.22 10:00:58.591,1.06727,1.0675,1.88,1.00
2018.03.22 10:00:59.214,1.06727,1.0675,2.63,1.00
2018.03.22 10:01:00.185,1.06729,1.0675,1.37,1.00
2018.03.22 10:01:00.236,1.06726,1.06747,2.81,1.00
2018.03.22 10:01:00.547,1.06724,1.06748,1.12,1.12
2018.03.22 10:01:00.700,1.06723,1.06744,1.25,1.00
2018.03.22 10:01:01.002,1.06726,1.06751,1.37,1.87
2018.03.22 10:01:01.105,1.06727,1.0675,2.44,1.00
2018.03.22 10:01:01.156,1.06727,1.06752,2.44,1.12
2018.03.22 10:01:01.562,1.06727,1.06752,1.88,1.88
2018.03.22 10:01:01.613,1.06727,1.06752,1.69,1.31
2018.03.22 10:01:02.142,1.06727,1.06752,1.69,2.06
2018.03.22 10:01:02.650,1.06726,1.06752,1.88,1.88
2018.03.22 10:01:03.610,1.06726,1.06752,1.81,1.88
2018.03.22 10:01:04.127,1.06724,1.06748,1.31,1.00
2018.03.22 10:01:04.657,1.06726,1.06749,1.31,1.00
2018.03.22 10:01:05.197,1.06726,1.0675,1.31,1.25
2018.03.22 10:01:05.504,1.06726,1.06748,1.12,1.25
2018.03.22 10:01:05.994,1.06724,1.0675,3.00,1.00
2018.03.22 10:01:06.097,1.06726,1.06749,1.00,1.38
2018.03.22 10:01:06.149,1.06727,1.0675,1.00,1.25
2018.03.22 10:01:06.252,1.06726,1.0675,1.50,1.38
2018.03.22 10:01:06.304,1.06726,1.0675,1.50,1.25
2018.03.22 10:01:06.355,1.06726,1.0675,1.50,1.38
2018.03.22 10:01:06.663,1.06728,1.0675,1.13,1.88
2018.03.22 10:01:07.011,1.06726,1.0675,1.13,1.00
2018.03.22 10:01:07.125,1.06726,1.06748,1.00,1.13
2018.03.22 10:01:07.226,1.06722,1.06746,1.31,2.63
2018.03.22 10:01:07.378,1.0672,1.06745,1.19,1.38
2018.03.22 10:01:07.935,1.0672,1.06744,1.63,1.00
2018.03.22 10:01:08.481,1.0672,1.06744,1.38,1.13
2018.03.22 10:01:09.198,1.06721,1.06745,1.56,1.13
2018.03.22 10:01:09.740,1.06721,1.06744,1.31,1.00
2018.03.22 10:01:10.301,1.06721,1.06743,1.31,1.00
2018.03.22 10:01:10.813,1.06721,1.06744,1.31,1.00
2018.03.22 10:01:11.644,1.06721,1.06744,1.50,1.00
2018.03.22 10:01:12.205,1.06721,1.06744,1.31,1.00
2018.03.22 10:01:12.807,1.06721,1.06744,1.50,1.00
2018.03.22 10:01:13.322,1.06721,1.06745,1.38,1.50
2018.03.22 10:01:13.631,1.06721,1.06745,2.25,1.50
2018.03.22 10:01:13.819,1.06721,1.06745,2.06,1.50
2018.03.22 10:01:14.329,1.06722,1.06745,1.19,1.50
2018.03.22 10:01:16.595,1.06721,1.06745,1.19,1.50
2018.03.22 10:01:17.144,1.06721,1.06744,1.44,1.00
2018.03.22 10:01:17.679,1.06721,1.06743,1.19,1.00
2018.03.22 10:01:18.089,1.06721,1.06745,1.50,1.12
2018.03.22 10:01:18.742,1.0672,1.06745,2.44,1.00
2018.03.22 10:01:19.291,1.06721,1.06745,1.44,1.00
2018.03.22 10:01:19.985,1.0672,1.06745,3.75,1.50
2018.03.22 10:01:21.391,1.06721,1.06746,2.06,1.31
2018.03.22 10:01:21.897,1.06721,1.06746,2.25,1.12
2018.03.22 10:01:22.446,1.06721,1.06745,1.50,1.00
2018.03.22 10:01:22.968,1.06721,1.06746,2.25,1.12
2018.03.22 10:01:23.533,1.06721,1.06746,1.44,1.12
2018.03.22 10:01:23.585,1.06721,1.06743,1.88,1.00
2018.03.22 10:01:24.098,1.06721,1.06744,2.06,1.00
2018.03.22 10:01:24.898,1.06721,1.06744,1.19,1.00
2018.03.22 10:01:25.408,1.0672,1.06744,4.88,1.00
2018.03.22 10:01:26.411,1.06723,1.06743,1.25,1.00
2018.03.22 10:01:26.922,1.06723,1.06744,1.00,1.00
2018.03.22 10:01:28.012,1.06722,1.06744,1.25,1.00
2018.03.22 10:01:28.316,1.06722,1.06746,1.13,1.00
2018.03.22 10:01:28.828,1.06724,1.06747,1.69,1.00
2018.03.22 10:01:29.343,1.06723,1.06746,2.06,1.00
2018.03.22 10:01:29.923,1.06723,1.06746,1.44,1.25
2018.03.22 10:01:30.436,1.06723,1.06745,1.25,1.00
2018.03.22 10:01:30.959,1.06721,1.06745,3.00,1.25
2018.03.22 10:01:31.668,1.06722,1.06745,1.31,1.00
2018.03.22 10:01:32.180,1.06721,1.06744,2.06,1.00
2018.03.22 10:01:32.383,1.06721,1.06744,2.81,1.25
2018.03.22 10:01:32.891,1.06722,1.06744,1.00,1.00
2018.03.22 10:01:33.392,1.06721,1.06743,3.00,1.00
2018.03.22 10:01:33.941,1.06721,1.06743,2.63,1.00
2018.03.22 10:01:34.324,1.06722,1.06745,1.00,1.25
2018.03.22 10:01:34.528,1.06721,1.06743,2.63,1.00
2018.03.22 10:01:35.031,1.06722,1.06744,1.00,1.00
2018.03.22 10:01:35.134,1.06722,1.06746,1.00,1.31
2018.03.22 10:01:35.654,1.06721,1.06745,1.50,1.00
2018.03.22 10:01:35.705,1.06722,1.06745,1.44,1.00
2018.03.22 10:01:36.212,1.06722,1.06744,1.44,1.00
2018.03.22 10:01:36.741,1.06722,1.06744,1.25,1.00
2018.03.22 10:01:38.733,1.06721,1.06744,2.06,1.00
2018.03.22 10:01:39.250,1.06721,1.06744,3.00,1.00
2018.03.22 10:01:39.820,1.06721,1.06746,3.75,1.12
2018.03.22 10:01:40.382,1.06723,1.06747,1.69,1.00
2018.03.22 10:01:41.005,1.06723,1.06746,1.31,1.00
2018.03.22 10:01:41.209,1.06724,1.06748,1.12,1.88
2018.03.22 10:01:42.490,1.06725,1.06748,1.25,1.25
2018.03.22 10:01:43.005,1.06725,1.06749,1.13,1.50
2018.03.22 10:01:43.542,1.06726,1.06749,1.00,1.12
2018.03.22 10:01:46.361,1.06726,1.0675,3.38,1.13
2018.03.22 10:01:47.101,1.06727,1.0675,1.00,1.13
2018.03.22 10:01:48.002,1.06726,1.0675,2.25,1.00
2018.03.22 10:01:48.546,1.06727,1.06751,1.50,1.63
2018.03.22 10:01:49.053,1.06727,1.06751,1.69,1.63
2018.03.22 10:01:50.343,1.06728,1.06752,1.50,1.38
2018.03.22 10:01:50.898,1.06728,1.06752,1.25,1.63
2018.03.22 10:01:51.207,1.06729,1.06753,1.00,1.69
2018.03.22 10:01:51.756,1.06728,1.06753,2.06,1.69
2018.03.22 10:01:52.794,1.06728,1.06753,3.38,1.31
2018.03.22 10:01:53.485,1.0673,1.06753,1.00,1.25
2018.03.22 10:01:54.034,1.0673,1.06753,1.00,1.31
2018.03.22 10:01:54.420,1.0673,1.06754,3.00,1.00
2018.03.22 10:01:54.472,1.06733,1.06754,1.12,1.00
2018.03.22 10:01:54.626,1.06732,1.06754,1.00,1.00
2018.03.22 10:01:54.728,1.06731,1.06756,1.12,1.00
2018.03.22 10:01:54.780,1.0673,1.06754,1.12,1.00
2018.03.22 10:01:55.087,1.06728,1.06753,1.50,1.44
2018.03.22 10:01:55.606,1.06727,1.06752,3.75,1.63
2018.03.22 10:01:56.220,1.06727,1.06752,1.37,1.31
2018.03.22 10:01:56.813,1.06727,1.06752,1.63,1.56
2018.03.22 10:01:57.348,1.06727,1.06752,1.87,1.31
2018.03.22 10:01:57.875,1.06727,1.06752,2.06,1.69
2018.03.22 10:01:58.714,1.06727,1.06752,2.63,1.00
2018.03.22 10:01:58.818,1.0673,1.06755,1.25,1.44
2018.03.22 10:01:58.870,1.0673,1.06755,1.50,1.00
2018.03.22 10:01:59.452,1.0673,1.06756,2.81,1.69
2018.03.22 10:02:00.115,1.0673,1.06757,2.25,1.69
2018.03.22 10:02:01.053,1.0673,1.06757,3.19,1.50
2018.03.22 10:02:01.631,1.06731,1.06757,1.00,1.69
2018.03.22 10:02:04.186,1.06731,1.06757,1.69,1.88
2018.03.22 10:02:04.537,1.06742,1.06767,1.00,4.12
2018.03.22 10:02:04.640,1.0674,1.06764,2.25,1.37
2018.03.22 10:02:04.743,1.06737,1.06763,2.62,1.12
2018.03.22 10:02:04.846,1.06737,1.06763,3.37,1.69
2018.03.22 10:02:05.152,1.06739,1.06761,1.00,1.19
2018.03.22 10:02:05.380,1.06733,1.0676,3.00,1.00
2018.03.22 10:02:05.431,1.06737,1.06761,1.00,2.25
2018.03.22 10:02:05.534,1.06737,1.06763,2.25,1.37
2018.03.22 10:02:06.086,1.06737,1.06763,2.25,2.06
2018.03.22 10:02:06.236,1.06742,1.06765,1.12,1.00
2018.03.22 10:02:06.756,1.0674,1.06765,2.25,1.00
2018.03.22 10:02:07.070,1.0674,1.06767,2.81,2.06
2018.03.22 10:02:07.374,1.0674,1.06765,1.87,1.00
2018.03.22 10:02:07.495,1.06738,1.06763,1.31,1.50
2018.03.22 10:02:08.007,1.06735,1.06762,2.81,1.13
2018.03.22 10:02:08.950,1.06736,1.06762,1.25,1.00
2018.03.22 10:02:09.487,1.06736,1.06762,1.88,1.31
2018.03.22 10:02:10.038,1.06735,1.06762,1.88,1.00
2018.03.22 10:02:13.186,1.06737,1.06762,1.00,1.12
2018.03.22 10:02:13.714,1.06736,1.06763,2.06,1.50
2018.03.22 10:02:14.069,1.0674,1.06766,2.25,1.31
2018.03.22 10:02:14.376,1.06741,1.06768,2.25,1.50
2018.03.22 10:02:14.943,1.06741,1.06768,2.25,2.06
2018.03.22 10:02:15.528,1.06742,1.06768,1.00,2.44
2018.03.22 10:02:16.187,1.06742,1.06767,2.25,1.13
2018.03.22 10:02:16.693,1.06743,1.06766,1.37,1.25
2018.03.22 10:02:17.510,1.06743,1.06767,1.37,1.25
2018.03.22 10:02:17.839,1.06746,1.06767,1.00,1.25
2018.03.22 10:02:17.942,1.06744,1.06769,2.44,1.00
2018.03.22 10:02:18.047,1.06746,1.06768,1.00,1.00
2018.03.22 10:02:18.373,1.06739,1.06762,1.50,1.31
2018.03.22 10:02:18.577,1.06737,1.06762,1.88,1.50
2018.03.22 10:02:19.114,1.06737,1.06762,1.50,1.00
2018.03.22 10:02:19.633,1.06736,1.06761,2.81,1.00
2018.03.22 10:02:20.268,1.06736,1.06761,2.06,1.00
2018.03.22 10:02:20.698,1.06738,1.06764,3.19,1.88
2018.03.22 10:02:20.968,1.06736,1.06762,2.44,1.13
2018.03.22 10:02:21.072,1.06736,1.06763,2.44,1.50
2018.03.22 10:02:21.275,1.06736,1.0676,2.63,1.00
2018.03.22 10:02:21.378,1.06735,1.06759,1.00,1.00
2018.03.22 10:02:21.532,1.06734,1.06758,1.00,1.75
2018.03.22 10:02:22.119,1.06733,1.06757,1.88,1.50
2018.03.22 10:02:22.488,1.06735,1.06759,1.00,1.50
2018.03.22 10:02:23.508,1.06735,1.06757,1.00,1.13
2018.03.22 10:02:23.609,1.06732,1.06757,2.63,1.13
2018.03.22 10:02:23.913,1.06732,1.06757,1.88,1.56
2018.03.22 10:02:24.433,1.06732,1.06756,1.88,1.00
2018.03.22 10:02:24.743,1.06735,1.0676,1.00,1.69
2018.03.22 10:02:24.797,1.06735,1.0676,1.50,1.44
2018.03.22 10:02:25.000,1.06736,1.06761,2.25,1.25
2018.03.22 10:02:25.103,1.06739,1.06761,1.00,1.25
2018.03.22 10:02:25.634,1.0674,1.06761,1.00,1.00
2018.03.22 10:02:26.702,1.06739,1.06761,1.50,1.13
2018.03.22 10:02:27.237,1.06739,1.06763,1.00,1.69
2018.03.22 10:02:27.777,1.06738,1.06763,1.00,1.69
2018.03.22 10:02:28.084,1.0674,1.06764,2.25,1.81
2018.03.22 10:02:28.598,1.06741,1.06764,1.00,1.81
2018.03.22 10:02:29.117,1.0674,1.06764,1.00,2.25
2018.03.22 10:02:29.633,1.0674,1.06764,1.00,2.25
2018.03.22 10:02:29.963,1.0674,1.06764,1.12,1.00
2018.03.22 10:02:30.118,1.06738,1.06762,1.75,1.00
2018.03.22 10:02:30.221,1.06738,1.06762,1.00,1.00
2018.03.22 10:02:30.477,1.0674,1.06764,1.12,1.88
2018.03.22 10:02:30.832,1.06739,1.06765,1.00,2.44
2018.03.22 10:02:31.345,1.0674,1.06764,1.12,1.50
2018.03.22 10:02:31.396,1.06741,1.06766,1.00,1.25
2018.03.22 10:02:31.550,1.06742,1.06767,1.00,1.88
2018.03.22 10:02:32.073,1.06741,1.06765,1.00,1.63
2018.03.22 10:02:32.608,1.06741,1.06765,1.12,1.38
2018.03.22 10:02:33.128,1.06741,1.06766,1.87,2.06
2018.03.22 10:02:33.639,1.0674,1.06767,2.62,3.00
2018.03.22 10:02:33.996,1.0674,1.06767,1.87,2.81
2018.03.22 10:02:34.048,1.0674,1.06767,1.87,3.38
2018.03.22 10:02:34.459,1.06739,1.06766,1.69,3.94
2018.03.22 10:02:34.511,1.06739,1.06766,1.50,1.50
2018.03.22 10:02:34.715,1.06738,1.06763,2.25,1.38
2018.03.22 10:02:34.838,1.0674,1.06764,1.00,1.69
2018.03.22 10:02:34.890,1.0674,1.06766,1.50,2.81
2018.03.22 10:02:34.941,1.06741,1.06766,1.00,3.19
2018.03.22 10:02:35.454,1.0674,1.06764,1.00,1.13
2018.03.22 10:02:35.786,1.06739,1.06764,1.12,1.38
2018.03.22 10:02:36.315,1.06739,1.06764,1.31,1.56
2018.03.22 10:02:36.816,1.06739,1.06764,1.63,1.56
2018.03.22 10:02:37.330,1.06739,1.06763,1.50,1.38
2018.03.22 10:02:37.841,1.06745,1.06765,1.12,1.00
2018.03.22 10:02:37.892,1.06744,1.06768,2.25,1.38
2018.03.22 10:02:38.060,1.06748,1.06769,1.50,1.00
2018.03.22 10:02:38.215,1.06754,1.06776,1.00,1.25
2018.03.22 10:02:38.267,1.06754,1.06776,1.00,1.38
2018.03.22 10:02:38.780,1.06754,1.06777,1.00,2.44
2018.03.22 10:02:39.307,1.06754,1.06777,1.00,2.44
2018.03.22 10:02:39.839,1.06754,1.06777,1.00,2.44
2018.03.22 10:02:40.346,1.06754,1.06777,1.00,2.44
2018.03.22 10:02:40.853,1.06753,1.06777,2.06,1.63
2018.03.22 10:02:41.379,1.06753,1.06777,1.87,1.56
2018.03.22 10:02:41.906,1.06754,1.06777,1.00,1.38
2018.03.22 10:02:42.009,1.06754,1.06777,1.00,1.12
2018.03.22 10:02:42.061,1.06753,1.06778,1.87,1.75
2018.03.22 10:02:42.165,1.06754,1.06778,1.00,2.06
2018.03.22 10:02:42.217,1.06754,1.06776,1.00,1.00
2018.03.22 10:02:42.559,1.06753,1.06776,1.87,1.63
2018.03.22 10:02:43.067,1.06754,1.06776,1.00,1.63
2018.03.22 10:02:43.573,1.06753,1.06778,3.00,1.69
2018.03.22 10:02:44.085,1.06754,1.06776,1.00,1.38
2018.03.22 10:02:44.623,1.06753,1.06776,1.87,1.00
2018.03.22 10:02:44.726,1.06756,1.06776,1.00,1.38
2018.03.22 10:02:45.050,1.06752,1.06775,1.00,2.19
2018.03.22 10:02:45.204,1.06751,1.06774,1.00,1.13
2018.03.22 10:02:45.715,1.06752,1.06773,1.00,1.31
2018.03.22 10:02:46.255,1.06752,1.06775,1.00,1.69
2018.03.22 10:02:46.767,1.06751,1.06775,1.00,1.69
2018.03.22 10:02:47.298,1.06752,1.06775,1.00,1.69
2018.03.22 10:02:47.816,1.06752,1.06775,1.00,1.69
2018.03.22 10:02:47.924,1.06752,1.06775,1.00,1.69
2018.03.22 10:02:48.475,1.06751,1.06776,1.00,1.87
2018.03.22 10:02:48.859,1.06748,1.06774,2.06,1.38
2018.03.22 10:02:49.219,1.06747,1.06772,3.00,1.00
2018.03.22 10:02:49.463,1.06748,1.06773,2.63,1.31
2018.03.22 10:02:49.668,1.0675,1.06775,1.00,1.31
2018.03.22 10:02:50.162,1.06753,1.06778,1.87,1.37
2018.03.22 10:02:50.469,1.06756,1.06779,1.50,1.12
2018.03.22 10:02:50.777,1.06753,1.06779,2.44,1.31
2018.03.22 10:02:50.829,1.06753,1.06778,1.12,2.06
2018.03.22 10:02:51.352,1.06752,1.06777,1.50,1.69
2018.03.22 10:02:51.659,1.0675,1.06775,1.00,1.12
2018.03.22 10:02:51.762,1.06748,1.06773,1.00,2.00
2018.03.22 10:02:52.298,1.06747,1.06772,1.00,1.88
2018.03.22 10:02:53.519,1.06746,1.06772,1.25,2.44
2018.03.22 10:02:54.202,1.06746,1.06772,1.69,2.63
2018.03.22 10:02:54.788,1.06746,1.06771,1.50,1.00
2018.03.22 10:02:56.432,1.06746,1.06771,2.25,1.50
2018.03.22 10:02:57.232,1.06747,1.06772,4.12,1.25
2018.03.22 10:02:57.334,1.0675,1.06777,3.56,3.94
2018.03.22 10:02:57.639,1.06753,1.06774,1.00,1.69
2018.03.22 10:02:57.973,1.06753,1.06775,1.00,1.75
2018.03.22 10:02:58.482,1.06753,1.06775,1.00,2.25
2018.03.22 10:02:58.688,1.06753,1.06775,1.00,1.88
2018.03.22 10:02:58.739,1.06753,1.06775,1.00,1.38
2018.03.22 10:02:58.944,1.06752,1.06775,1.00,1.38
2018.03.22 10:02:59.126,1.06753,1.06775,1.00,1.00
2018.03.22 10:02:59.229,1.06753,1.06775,1.00,1.88
2018.03.22 10:02:59.587,1.06752,1.06775,1.50,1.69
2018.03.22 10:02:59.690,1.06753,1.06775,1.00,1.88
2018.03.22 10:02:59.844,1.06752,1.06775,1.50,1.50
2018.03.22 10:02:59.948,1.06752,1.06775,1.50,1.88
2018.03.22 10:03:00.581,1.06752,1.06775,1.00,2.06
2018.03.22 10:03:01.192,1.0675,1.06775,1.69,2.06
2018.03.22 10:03:02.068,1.06749,1.06773,2.44,1.00
2018.03.22 10:03:03.009,1.0675,1.06775,1.50,1.44
2018.03.22 10:03:05.272,1.06749,1.06774,3.94,1.38
2018.03.22 10:03:05.779,1.0675,1.06774,1.69,1.38
2018.03.22 10:03:06.296,1.0675,1.06775,1.69,1.38
2018.03.22 10:03:06.448,1.06747,1.06774,2.63,1.25
2018.03.22 10:03:06.499,1.06747,1.06774,1.12,1.75
2018.03.22 10:03:07.190,1.06747,1.06772,1.25,1.50
2018.03.22 10:03:07.242,1.06747,1.06772,1.00,1.50
2018.03.22 10:03:07.344,1.06747,1.06772,1.25,1.69
2018.03.22 10:03:07.845,1.06745,1.06771,1.87,1.12
2018.03.22 10:03:08.420,1.06745,1.0677,2.00,1.00
2018.03.22 10:03:09.181,1.06747,1.06772,1.00,2.25
2018.03.22 10:03:09.232,1.06749,1.06774,1.50,2.62
2018.03.22 10:03:09.387,1.06749,1.06776,2.44,3.38
2018.03.22 10:03:09.936,1.06751,1.06776,1.37,2.06
2018.03.22 10:03:10.140,1.06751,1.06776,2.62,1.25
2018.03.22 10:03:10.397,1.06752,1.06776,1.12,1.38
2018.03.22 10:03:11.124,1.06752,1.06776,1.12,1.44
2018.03.22 10:03:11.625,1.06752,1.06775,1.87,1.31
2018.03.22 10:03:12.134,1.06752,1.06775,1.00,1.25
2018.03.22 10:03:12.779,1.06752,1.06775,1.50,1.31
2018.03.22 10:03:13.366,1.06751,1.06777,1.50,1.38
2018.03.22 10:03:13.837,1.06752,1.06774,1.50,1.63
2018.03.22 10:03:14.197,1.06752,1.06774,1.50,1.12
2018.03.22 10:03:14.726,1.06752,1.06774,1.50,1.31
2018.03.22 10:03:15.359,1.06752,1.06774,1.00,1.69
2018.03.22 10:03:15.767,1.0675,1.06775,2.25,1.31
2018.03.22 10:03:15.818,1.0675,1.06775,2.44,1.56
2018.03.22 10:03:16.899,1.0675,1.06774,2.25,1.38
2018.03.22 10:03:17.501,1.06751,1.06775,1.31,1.63
2018.03.22 10:03:18.014,1.06751,1.06775,1.37,1.56
2018.03.22 10:03:18.559,1.06751,1.06775,1.25,1.63
2018.03.22 10:03:18.764,1.06751,1.06775,1.00,1.63
2018.03.22 10:03:19.274,1.06751,1.06775,1.12,1.56
2018.03.22 10:03:19.682,1.06751,1.06777,2.62,3.19
2018.03.22 10:03:20.032,1.06753,1.06777,1.12,1.87
2018.03.22 10:03:20.712,1.06753,1.06777,1.87,1.00
2018.03.22 10:03:21.366,1.06754,1.0678,1.12,2.62
2018.03.22 10:03:21.736,1.06756,1.06781,1.00,2.25
2018.03.22 10:03:22.329,1.06756,1.06781,1.00,2.25
2018.03.22 10:03:22.694,1.06756,1.06782,1.00,1.62
2018.03.22 10:03:22.745,1.06757,1.06782,1.37,1.25
2018.03.22 10:03:23.062,1.06757,1.06782,1.37,1.87
2018.03.22 10:03:23.319,1.06755,1.06781,1.50,1.69
2018.03.22 10:03:23.370,1.06755,1.0678,1.00,1.44
2018.03.22 10:03:23.422,1.06752,1.06778,1.12,1.50
2018.03.22 10:03:23.510,1.06753,1.06776,1.12,1.25
2018.03.22 10:03:23.617,1.06753,1.06778,1.00,2.25
2018.03.22 10:03:24.129,1.06753,1.06778,1.37,1.25
2018.03.22 10:03:24.465,1.06754,1.06776,1.12,1.00
2018.03.22 10:03:25.002,1.06754,1.06778,1.00,1.44
2018.03.22 10:03:25.650,1.06755,1.06779,1.00,1.37
2018.03.22 10:03:26.176,1.06755,1.0678,1.00,4.12
2018.03.22 10:03:26.754,1.06755,1.0678,1.00,2.44
2018.03.22 10:03:28.333,1.06755,1.0678,1.00,2.62
2018.03.22 10:03:29.108,1.06755,1.06779,1.00,1.00
2018.03.22 10:03:29.444,1.06757,1.0678,1.00,1.44
2018.03.22 10:03:30.701,1.06757,1.0678,1.00,1.25
2018.03.22 10:03:31.889,1.06756,1.06781,1.00,1.44
2018.03.22 10:03:32.391,1.06755,1.0678,1.00,1.12
2018.03.22 10:03:32.931,1.06757,1.0678,1.00,1.44
2018.03.22 10:03:33.343,1.06759,1.06782,1.00,2.62
2018.03.22 10:03:33.870,1.06759,1.06782,1.00,3.37
2018.03.22 10:03:34.405,1.06757,1.06782,1.00,2.25
2018.03.22 10:03:34.993,1.06757,1.06782,1.00,1.87
2018.03.22 10:03:35.656,1.06758,1.06782,1.00,1.37
2018.03.22 10:03:36.029,1.06758,1.06783,1.00,1.00
2018.03.22 10:03:36.169,1.0676,1.06784,1.12,2.62
2018.03.22 10:03:36.535,1.0676,1.06784,1.12,1.37
2018.03.22 10:03:36.689,1.0676,1.06783,1.12,1.00
2018.03.22 10:03:37.181,1.06759,1.06783,1.87,1.87
2018.03.22 10:03:37.502,1.06759,1.06783,1.37,1.25
2018.03.22 10:03:37.672,1.06758,1.06782,1.00,1.31
2018.03.22 10:03:37.775,1.06757,1.06781,1.00,1.44
2018.03.22 10:03:38.296,1.06757,1.06781,1.00,1.37
2018.03.22 10:03:41.698,1.06757,1.06779,1.00,1.44
2018.03.22 10:03:42.212,1.06757,1.06779,1.00,1.25
2018.03.22 10:03:42.523,1.06757,1.06779,1.00,1.37
2018.03.22 10:03:42.881,1.06757,1.0678,1.00,1.00
2018.03.22 10:03:43.348,1.06757,1.0678,1.00,1.19
2018.03.22 10:03:43.399,1.06755,1.0678,1.00,1.00
2018.03.22 10:03:43.924,1.06755,1.0678,1.00,1.19
2018.03.22 10:03:44.549,1.06755,1.0678,1.00,1.25
2018.03.22 10:03:45.333,1.06755,1.0678,1.00,1.37
2018.03.22 10:03:45.839,1.06757,1.06779,1.00,1.00
2018.03.22 10:03:45.942,1.06757,1.06782,1.12,1.50
2018.03.22 10:03:46.097,1.06759,1.06782,1.00,2.06
2018.03.22 10:03:46.342,1.06754,1.0678,1.50,1.50
2018.03.22 10:03:46.652,1.06753,1.06777,1.87,1.00
2018.03.22 10:03:46.954,1.06751,1.06776,1.50,2.62
2018.03.22 10:03:47.455,1.06754,1.06776,1.37,3.19
2018.03.22 10:03:47.557,1.06753,1.06776,1.00,2.44
2018.03.22 10:03:48.009,1.06749,1.06774,2.81,1.00
2018.03.22 10:03:48.060,1.0675,1.06774,1.50,1.00
2018.03.22 10:03:48.570,1.06749,1.06774,1.69,1.50
2018.03.22 10:03:49.253,1.06749,1.06774,1.12,1.31
2018.03.22 10:03:49.522,1.06748,1.06773,2.25,1.00
2018.03.22 10:03:49.574,1.06748,1.06772,1.12,2.25
2018.03.22 10:03:49.676,1.06747,1.06774,1.62,1.69
2018.03.22 10:03:49.728,1.06746,1.06772,1.37,1.00
2018.03.22 10:03:50.265,1.06749,1.06771,1.00,1.00
2018.03.22 10:03:50.471,1.06749,1.06773,1.00,1.12
2018.03.22 10:03:51.651,1.06749,1.06771,1.00,1.00
2018.03.22 10:03:52.169,1.06748,1.06772,1.00,1.87
2018.03.22 10:03:54.210,1.06746,1.06772,1.50,1.50
2018.03.22 10:03:54.556,1.06749,1.06772,1.00,2.06
2018.03.22 10:03:55.570,1.06745,1.06772,3.56,1.31
2018.03.22 10:03:56.033,1.06745,1.0677,1.87,1.12
2018.03.22 10:03:57.149,1.06745,1.06772,1.87,1.31
2018.03.22 10:03:57.736,1.06745,1.0677,1.87,1.00
2018.03.22 10:03:59.774,1.06745,1.06772,1.87,1.31
2018.03.22 10:04:00.098,1.06749,1.06771,1.00,1.00
2018.03.22 10:04:00.407,1.06752,1.06774,1.00,1.12
2018.03.22 10:04:00.674,1.0675,1.06774,1.00,1.12
2018.03.22 10:04:01.181,1.06748,1.06774,1.37,1.00
2018.03.22 10:04:01.698,1.06748,1.06774,1.00,1.12
2018.03.22 10:04:02.991,1.06749,1.06774,1.00,1.12
2018.03.22 10:04:05.608,1.06748,1.06771,1.87,1.00
2018.03.22 10:04:05.710,1.06746,1.06771,1.50,1.87
2018.03.22 10:04:09.350,1.06746,1.06771,1.00,2.25
2018.03.22 10:04:11.238,1.06744,1.06771,2.62,2.81
2018.03.22 10:04:11.760,1.06744,1.06771,2.62,3.00
2018.03.22 10:04:12.312,1.06744,1.06769,1.50,1.00
2018.03.22 10:04:12.882,1.06745,1.0677,1.00,2.06
2018.03.22 10:04:13.432,1.06745,1.0677,1.19,1.87
2018.03.22 10:04:13.951,1.06745,1.0677,1.00,1.87
2018.03.22 10:04:15.343,1.06745,1.0677,1.00,1.87
2018.03.22 10:04:15.894,1.06749,1.06772,1.00,1.50
2018.03.22 10:04:15.996,1.06749,1.06775,1.50,3.37
2018.03.22 10:04:16.048,1.06749,1.06774,3.19,1.00
2018.03.22 10:04:16.341,1.06751,1.06776,1.37,1.12
2018.03.22 10:04:17.242,1.06751,1.06776,1.50,1.00
2018.03.22 10:04:17.933,1.06752,1.06777,1.12,1.87
2018.03.22 10:04:18.528,1.06752,1.06777,1.12,1.87
2018.03.22 10:04:19.654,1.06753,1.06777,1.00,1.12
2018.03.22 10:04:20.346,1.06754,1.06777,1.00,1.00
2018.03.22 10:04:21.602,1.06754,1.06777,1.00,1.44
2018.03.22 10:04:22.126,1.06754,1.06777,1.00,1.00
2018.03.22 10:04:22.878,1.06754,1.06778,1.00,1.72
2018.03.22 10:04:23.614,1.06754,1.06778,1.00,1.54
2018.03.22 10:04:24.129,1.06754,1.06778,1.00,1.30
2018.03.22 10:04:24.953,1.06754,1.06779,1.00,2.85
2018.03.22 10:04:26.611,1.06754,1.06778,1.12,1.30
2018.03.22 10:04:27.269,1.06754,1.06779,1.12,2.10
2018.03.22 10:04:27.934,1.06755,1.06778,1.00,1.05
2018.03.22 10:04:30.216,1.06755,1.06776,1.00,1.00
2018.03.22 10:04:30.267,1.06749,1.06775,1.37,2.25
2018.03.22 10:04:30.319,1.06749,1.06775,1.12,1.87
2018.03.22 10:04:31.224,1.06749,1.06774,1.31,1.50
2018.03.22 10:04:31.647,1.0675,1.06775,1.50,2.25
2018.03.22 10:04:31.699,1.06754,1.06778,1.00,3.37
2018.03.22 10:04:31.906,1.06757,1.06781,1.00,2.44
2018.03.22 10:04:32.063,1.06753,1.0678,1.25,2.44
2018.03.22 10:04:32.579,1.06753,1.06778,1.00,1.00
2018.03.22 10:04:33.116,1.06752,1.06778,2.06,1.25
2018.03.22 10:04:33.168,1.06752,1.06776,1.12,1.00
2018.03.22 10:04:33.271,1.0675,1.06776,1.12,1.12
2018.03.22 10:04:33.322,1.06751,1.06776,2.25,1.00
2018.03.22 10:04:33.426,1.06754,1.06778,1.00,1.00
2018.03.22 10:04:33.478,1.06754,1.06778,1.50,1.00
2018.03.22 10:04:33.631,1.06754,1.06779,1.00,1.00
2018.03.22 10:04:34.072,1.06754,1.06779,1.00,1.44
2018.03.22 10:04:34.175,1.06754,1.0678,1.00,1.50
2018.03.22 10:04:34.928,1.06754,1.06781,1.37,3.37
2018.03.22 10:04:35.463,1.06754,1.0678,1.87,1.87
2018.03.22 10:04:35.912,1.06754,1.0678,1.87,1.00
2018.03.22 10:04:36.065,1.06754,1.06779,1.87,1.37
2018.03.22 10:04:38.739,1.06754,1.06781,2.25,1.87
2018.03.22 10:04:38.892,1.06756,1.06781,1.00,1.87
2018.03.22 10:04:39.806,1.06756,1.06781,1.00,1.31
2018.03.22 10:04:41.369,1.06756,1.06781,1.50,1.19
2018.03.22 10:04:43.234,1.06757,1.06783,1.50,1.50
2018.03.22 10:04:43.702,1.06759,1.06783,1.00,1.69
2018.03.22 10:04:44.011,1.06756,1.06781,1.87,1.00
2018.03.22 10:04:44.515,1.06756,1.06781,1.00,1.37
2018.03.22 10:04:45.300,1.06756,1.06781,1.50,1.00
2018.03.22 10:04:47.807,1.06756,1.06781,2.06,1.00
2018.03.22 10:04:47.960,1.0676,1.06783,1.00,2.25
2018.03.22 10:04:48.979,1.0676,1.06783,1.00,2.25
2018.03.22 10:04:50.094,1.06753,1.06777,2.06,1.50
2018.03.22 10:04:50.179,1.06753,1.06777,1.37,1.12
2018.03.22 10:04:50.486,1.06757,1.06782,1.37,3.00
2018.03.22 10:04:50.588,1.06754,1.06778,1.37,1.00
2018.03.22 10:04:50.820,1.06753,1.06778,1.50,1.00
2018.03.22 10:04:50.922,1.06755,1.0678,1.12,1.00
2018.03.22 10:04:51.242,1.06755,1.06778,1.00,1.37
2018.03.22 10:04:51.294,1.06753,1.06776,1.00,1.00
2018.03.22 10:04:51.601,1.06754,1.06776,1.50,1.00
2018.03.22 10:04:51.653,1.06753,1.06778,2.25,1.50
2018.03.22 10:04:51.977,1.06752,1.06777,1.00,1.37
2018.03.22 10:04:52.527,1.06752,1.06779,1.00,2.62
2018.03.22 10:04:53.037,1.06753,1.06778,1.00,1.87
2018.03.22 10:04:53.145,1.06753,1.06778,2.81,1.00
2018.03.22 10:04:53.706,1.06756,1.06778,1.00,1.00
2018.03.22 10:04:54.229,1.06755,1.06778,1.87,1.00
2018.03.22 10:04:54.434,1.06756,1.0678,1.00,1.50
2018.03.22 10:04:54.951,1.06757,1.0678,1.00,1.69
2018.03.22 10:04:55.490,1.06758,1.0678,1.00,1.69
2018.03.22 10:04:56.137,1.06757,1.0678,1.00,1.25
2018.03.22 10:04:56.667,1.06758,1.0678,1.00,1.00
2018.03.22 10:04:57.167,1.06755,1.0678,1.12,1.00
2018.03.22 10:04:57.431,1.06758,1.0678,1.00,1.00
2018.03.22 10:04:57.483,1.06758,1.06782,1.12,1.00
2018.03.22 10:04:57.638,1.06759,1.06782,1.50,1.25
2018.03.22 10:04:58.238,1.06759,1.06782,1.00,1.25
2018.03.22 10:04:58.752,1.06758,1.06782,1.00,1.25
2018.03.22 10:04:59.273,1.06758,1.06782,1.00,1.44
2018.03.22 10:04:59.782,1.06758,1.06782,1.37,1.25
2018.03.22 10:05:00.578,1.06758,1.06782,2.62,1.25
2018.03.22 10:05:01.038,1.06758,1.06782,3.00,1.25
2018.03.22 10:05:01.613,1.06756,1.06782,2.25,1.44
2018.03.22 10:05:02.161,1.06755,1.0678,3.37,1.50
2018.03.22 10:05:02.983,1.06756,1.0678,1.37,1.25
2018.03.22 10:05:03.534,1.06755,1.0678,1.12,1.00
2018.03.22 10:05:04.926,1.06755,1.0678,1.12,1.69
2018.03.22 10:05:05.474,1.06755,1.0678,1.87,1.69
2018.03.22 10:05:05.985,1.06755,1.06781,1.87,1.00
2018.03.22 10:05:06.189,1.06755,1.06781,1.87,1.25
2018.03.22 10:05:06.584,1.06755,1.06781,1.87,1.37
2018.03.22 10:05:07.210,1.06755,1.06781,1.87,1.00
2018.03.22 10:05:08.229,1.06755,1.06782,3.37,1.87
2018.03.22 10:05:10.204,1.06755,1.0678,2.25,1.00
2018.03.22 10:05:11.689,1.06756,1.06781,1.75,1.50
2018.03.22 10:05:12.292,1.06757,1.06782,1.75,1.87
2018.03.22 10:05:12.355,1.06756,1.0678,1.87,1.00
2018.03.22 10:05:12.457,1.06756,1.06781,1.87,1.50
2018.03.22 10:05:12.508,1.06756,1.06781,1.75,1.00
2018.03.22 10:05:12.998,1.06756,1.06781,1.12,1.12
2018.03.22 10:05:13.050,1.06755,1.0678,1.75,1.12
2018.03.22 10:05:13.102,1.06755,1.06778,1.00,1.00
2018.03.22 10:05:13.174,1.06755,1.06776,1.00,1.00
2018.03.22 10:05:13.329,1.06753,1.06776,1.00,1.00
2018.03.22 10:05:13.465,1.0675,1.06772,1.50,1.00
2018.03.22 10:05:14.084,1.06747,1.06772,2.81,1.00
2018.03.22 10:05:14.392,1.06752,1.06777,1.75,1.50
2018.03.22 10:05:14.443,1.06751,1.06776,3.00,1.00
2018.03.22 10:05:14.499,1.06751,1.06776,2.62,1.50
2018.03.22 10:05:14.671,1.06749,1.06775,1.50,1.12
2018.03.22 10:05:14.738,1.06749,1.06775,1.87,1.12
2018.03.22 10:05:14.901,1.06748,1.06773,2.25,1.00
2018.03.22 10:05:15.242,1.06749,1.06773,1.75,1.00
2018.03.22 10:05:15.345,1.06749,1.06772,1.12,1.00
2018.03.22 10:05:16.360,1.0675,1.06772,1.75,1.00
2018.03.22 10:05:16.412,1.06749,1.06773,2.62,1.00
2018.03.22 10:05:16.463,1.0675,1.06774,1.75,1.00
2018.03.22 10:05:16.801,1.06753,1.06778,1.12,1.12
2018.03.22 10:05:17.602,1.06753,1.06777,1.87,1.00
2018.03.22 10:05:18.400,1.06753,1.06778,1.87,1.00
2018.03.22 10:05:18.593,1.06753,1.06778,1.87,1.00
2018.03.22 10:05:19.144,1.06753,1.06777,1.12,1.00
2018.03.22 10:05:19.539,1.06751,1.06774,1.31,1.00
2018.03.22 10:05:19.653,1.06752,1.06777,2.25,1.00
2018.03.22 10:05:19.806,1.06754,1.06776,1.12,1.00
2018.03.22 10:05:19.857,1.06754,1.06778,1.87,1.12
2018.03.22 10:05:20.112,1.06753,1.06776,1.75,1.00
2018.03.22 10:05:20.583,1.06753,1.06778,1.12,1.12
2018.03.22 10:05:21.127,1.06755,1.06778,1.75,1.00
2018.03.22 10:05:22.074,1.06755,1.06778,1.50,1.00
2018.03.22 10:05:23.587,1.06755,1.0678,1.12,1.00
2018.03.22 10:05:23.647,1.06756,1.06781,1.75,1.00
2018.03.22 10:05:23.890,1.06754,1.06776,1.56,1.00
2018.03.22 10:05:23.993,1.06753,1.06776,1.12,1.00
2018.03.22 10:05:24.503,1.06754,1.06776,1.00,1.50
2018.03.22 10:05:24.606,1.06756,1.06776,1.12,1.00
2018.03.22 10:05:24.936,1.06755,1.06781,1.75,1.00
2018.03.22 10:05:25.670,1.06758,1.0678,1.12,1.00
2018.03.22 10:05:25.875,1.06755,1.0678,1.12,1.00
2018.03.22 10:05:26.389,1.06755,1.06779,1.87,1.00
2018.03.22 10:05:26.917,1.06755,1.0678,1.75,1.00
2018.03.22 10:05:27.425,1.06756,1.0678,3.00,1.00
2018.03.22 10:05:27.616,1.06759,1.06782,1.75,1.00
2018.03.22 10:05:27.927,1.06762,1.06785,1.37,1.00
2018.03.22 10:05:28.232,1.0676,1.06783,1.75,1.00
2018.03.22 10:05:28.415,1.0676,1.06785,2.62,1.00
2018.03.22 10:05:30.053,1.0676,1.06785,1.31,1.00
2018.03.22 10:05:30.394,1.06764,1.06787,1.12,1.00
2018.03.22 10:05:30.800,1.06764,1.06784,1.12,1.00
2018.03.22 10:05:30.852,1.06764,1.06786,1.12,1.00
2018.03.22 10:05:30.903,1.06763,1.06786,1.12,1.00
2018.03.22 10:05:30.954,1.06765,1.06786,1.12,1.25
2018.03.22 10:05:31.023,1.06765,1.06786,1.37,1.25
2018.03.22 10:05:31.583,1.06764,1.06785,1.12,1.50
2018.03.22 10:05:31.637,1.06763,1.06784,1.12,1.50
2018.03.22 10:05:31.688,1.06761,1.06782,1.37,1.00
2018.03.22 10:05:32.192,1.06759,1.06782,1.87,1.00
2018.03.22 10:05:34.680,1.06761,1.06783,1.12,1.00
2018.03.22 10:05:34.835,1.06759,1.06783,1.87,1.50
2018.03.22 10:05:35.234,1.06757,1.06781,1.87,1.00
2018.03.22 10:05:36.120,1.06761,1.06783,1.00,1.00
2018.03.22 10:05:36.223,1.06761,1.06785,1.00,1.00
2018.03.22 10:05:36.479,1.06761,1.06784,1.87,1.00
2018.03.22 10:05:36.895,1.06761,1.06786,1.75,1.00
2018.03.22 10:05:37.667,1.06762,1.06786,1.12,1.00
2018.03.22 10:05:38.060,1.06761,1.06785,1.12,1.00
2018.03.22 10:05:38.422,1.06759,1.06783,3.37,1.00
2018.03.22 10:05:38.577,1.06762,1.06783,1.37,1.00
2018.03.22 10:05:38.630,1.06762,1.06786,1.37,1.50
2018.03.22 10:05:39.157,1.06762,1.06787,1.75,1.00
2018.03.22 10:05:39.678,1.06765,1.06787,1.37,1.00
2018.03.22 10:05:40.015,1.06766,1.06788,1.75,1.00
2018.03.22 10:05:42.439,1.06766,1.06789,1.12,1.25
2018.03.22 10:05:43.796,1.06767,1.06791,1.12,1.00
2018.03.22 10:05:44.598,1.06768,1.06791,1.12,1.00
2018.03.22 10:05:44.751,1.06768,1.06791,1.37,1.00
2018.03.22 10:05:45.289,1.06766,1.0679,1.12,1.00
2018.03.22 10:05:45.854,1.06766,1.0679,1.37,1.00
2018.03.22 10:05:46.378,1.06766,1.0679,1.75,1.00
2018.03.22 10:05:47.312,1.06767,1.06791,1.12,1.25
2018.03.22 10:05:48.664,1.06767,1.0679,1.12,1.00
2018.03.22 10:05:49.210,1.06767,1.06791,3.00,1.00
2018.03.22 10:05:49.787,1.06768,1.0679,1.37,1.00
2018.03.22 10:05:50.091,1.06764,1.06788,1.12,1.00
2018.03.22 10:05:50.593,1.06767,1.06788,1.12,1.00
2018.03.22 10:05:51.112,1.06766,1.0679,2.25,1.00
2018.03.22 10:05:51.620,1.06766,1.0679,1.87,1.00
2018.03.22 10:05:52.164,1.06768,1.06791,1.50,1.00
2018.03.22 10:05:52.215,1.06768,1.06793,1.12,1.50
2018.03.22 10:05:53.484,1.06767,1.06793,1.50,1.25
2018.03.22 10:05:54.354,1.06768,1.06793,1.00,1.00
2018.03.22 10:05:57.612,1.06767,1.06793,1.69,1.00
2018.03.22 10:05:58.336,1.06768,1.06791,1.00,1.00
2018.03.22 10:05:58.889,1.06767,1.06791,1.50,1.00
2018.03.22 10:05:59.451,1.06768,1.06791,1.00,1.00
2018.03.22 10:06:00.119,1.06767,1.06791,1.50,1.00
2018.03.22 10:06:00.623,1.06766,1.06791,1.00,1.00
2018.03.22 10:06:01.279,1.06764,1.06789,3.00,1.00
2018.03.22 10:06:01.812,1.06764,1.06789,1.62,1.00
2018.03.22 10:06:02.121,1.06763,1.06786,2.06,1.00
2018.03.22 10:06:02.560,1.06764,1.06788,1.62,1.50
2018.03.22 10:06:02.865,1.06764,1.06791,2.19,1.25
2018.03.22 10:06:03.120,1.06765,1.06789,1.00,1.87
2018.03.22 10:06:03.622,1.06763,1.06788,2.62,1.00
2018.03.22 10:06:04.135,1.06764,1.06789,3.37,1.00
2018.03.22 10:06:05.140,1.06764,1.06789,2.25,1.00
2018.03.22 10:06:05.690,1.06764,1.06789,2.25,1.25
2018.03.22 10:06:06.643,1.06764,1.06787,1.00,1.00
2018.03.22 10:06:06.950,1.06766,1.06788,1.00,1.00
2018.03.22 10:06:07.464,1.06767,1.06788,1.00,1.00
2018.03.22 10:06:07.966,1.06767,1.06789,1.00,1.50
2018.03.22 10:06:09.408,1.06767,1.06788,1.00,1.00
2018.03.22 10:06:09.885,1.06763,1.06788,3.19,1.00
2018.03.22 10:06:10.529,1.06763,1.06787,2.25,1.00
2018.03.22 10:06:11.065,1.06763,1.06787,1.12,1.00
2018.03.22 10:06:11.719,1.06765,1.06788,1.62,1.00
2018.03.22 10:06:11.821,1.06765,1.06791,1.62,1.00
2018.03.22 10:06:11.923,1.06767,1.06792,1.62,1.87
2018.03.22 10:06:12.227,1.0677,1.06791,1.00,1.00
2018.03.22 10:06:12.689,1.0677,1.06793,1.00,1.00
2018.03.22 10:06:13.489,1.0677,1.06794,1.00,1.00
2018.03.22 10:06:14.052,1.06768,1.06793,3.00,1.50
2018.03.22 10:06:14.373,1.06768,1.06791,1.00,1.00
2018.03.22 10:06:15.386,1.06768,1.06792,1.00,1.12
2018.03.22 10:06:22.861,1.06768,1.06794,2.06,1.00
2018.03.22 10:06:23.168,1.06766,1.06788,1.00,1.00
2018.03.22 10:06:23.219,1.06763,1.06788,1.00,1.00
2018.03.22 10:06:25.093,1.06763,1.06787,1.25,1.50
2018.03.22 10:06:25.620,1.06762,1.06787,1.25,2.62
2018.03.22 10:06:26.744,1.06761,1.06787,1.12,2.06
2018.03.22 10:06:27.293,1.06762,1.06787,1.25,3.56
2018.03.22 10:06:28.221,1.06761,1.06787,1.31,3.75
2018.03.22 10:06:28.936,1.06761,1.06785,1.12,1.00
2018.03.22 10:06:29.344,1.06759,1.06784,1.50,1.00
2018.03.22 10:06:29.851,1.06758,1.06783,1.50,1.12
2018.03.22 10:06:30.451,1.06758,1.06782,1.69,1.00
2018.03.22 10:06:31.125,1.06757,1.06782,2.06,1.00
2018.03.22 10:06:31.380,1.06762,1.06785,1.00,1.12
2018.03.22 10:06:31.532,1.06763,1.06788,1.87,1.00
2018.03.22 10:06:33.520,1.06763,1.0679,1.00,2.62
2018.03.22 10:06:34.145,1.06763,1.06788,1.69,1.25
2018.03.22 10:06:35.707,1.06763,1.06788,2.81,1.00
2018.03.22 10:06:36.029,1.06764,1.06792,2.44,3.19
2018.03.22 10:06:36.887,1.06764,1.06792,3.37,2.62
2018.03.22 10:06:37.419,1.06765,1.06792,1.87,1.37
2018.03.22 10:06:37.735,1.06766,1.06792,1.00,1.50
2018.03.22 10:06:38.445,1.06766,1.06792,1.37,2.44
2018.03.22 10:06:39.634,1.06766,1.06792,1.37,2.62
2018.03.22 10:06:40.529,1.06766,1.06792,1.37,1.25
2018.03.22 10:06:41.085,1.06766,1.06792,2.25,2.62
2018.03.22 10:06:42.180,1.06767,1.06792,1.12,1.00
2018.03.22 10:06:44.236,1.06767,1.06793,1.12,1.25
2018.03.22 10:06:44.772,1.06767,1.06793,1.12,1.44
2018.03.22 10:06:46.007,1.06766,1.06792,2.62,1.00
2018.03.22 10:06:46.698,1.06767,1.06792,1.12,1.69
2018.03.22 10:06:48.247,1.06768,1.06792,1.00,1.50
2018.03.22 10:06:48.349,1.06769,1.06794,1.00,1.00
2018.03.22 10:06:48.700,1.06766,1.06793,2.25,1.50
2018.03.22 10:06:48.803,1.06766,1.0679,1.00,1.00
2018.03.22 10:06:48.855,1.06765,1.06786,3.00,1.00
2018.03.22 10:06:49.356,1.06762,1.06785,2.44,1.00
2018.03.22 10:06:49.905,1.06762,1.06785,1.19,1.12
2018.03.22 10:06:50.302,1.06764,1.06783,1.00,1.00
2018.03.22 10:06:50.814,1.06764,1.06782,1.00,1.00
2018.03.22 10:06:51.421,1.06763,1.06782,1.00,1.00
2018.03.22 10:06:51.931,1.06762,1.06782,1.00,1.00
2018.03.22 10:06:52.649,1.06763,1.06781,1.00,1.00
2018.03.22 10:06:53.966,1.06759,1.06781,1.00,1.00
2018.03.22 10:06:54.361,1.06761,1.06779,1.00,1.00
2018.03.22 10:06:54.866,1.06757,1.0678,2.25,1.00
2018.03.22 10:06:55.396,1.06757,1.0678,1.25,1.00
2018.03.22 10:06:55.937,1.06758,1.06779,1.00,1.00
2018.03.22 10:06:57.387,1.06757,1.06779,1.00,1.00
2018.03.22 10:06:57.995,1.06758,1.06778,1.00,1.00
2018.03.22 10:06:58.908,1.06757,1.06778,1.00,1.00
2018.03.22 10:06:59.437,1.06756,1.06777,1.00,1.00
2018.03.22 10:06:59.606,1.06756,1.06777,1.75,1.00
2018.03.22 10:06:59.658,1.06761,1.06782,1.87,1.00
2018.03.22 10:07:00.070,1.06762,1.06785,1.69,1.00
2018.03.22 10:07:00.121,1.06762,1.06786,2.25,1.00
2018.03.22 10:07:00.425,1.06758,1.06779,1.37,1.00
2018.03.22 10:07:00.846,1.06757,1.06779,1.12,1.00
2018.03.22 10:07:01.382,1.06756,1.06778,2.81,1.00
2018.03.22 10:07:02.018,1.06756,1.06778,1.31,1.00
2018.03.22 10:07:02.572,1.06758,1.06779,1.00,1.00
2018.03.22 10:07:04.633,1.06757,1.06779,1.00,1.00
2018.03.22 10:07:04.942,1.06755,1.06776,1.00,1.00
2018.03.22 10:07:05.510,1.06754,1.06775,1.25,1.00
2018.03.22 10:07:06.099,1.06754,1.06775,1.44,1.00
2018.03.22 10:07:07.216,1.06754,1.06776,1.44,1.00
2018.03.22 10:07:07.564,1.06758,1.0678,2.44,1.00
2018.03.22 10:07:08.851,1.06758,1.0678,1.25,1.00
2018.03.22 10:07:09.004,1.06756,1.06779,1.12,1.00
2018.03.22 10:07:14.118,1.06755,1.06777,3.00,1.00
2018.03.22 10:07:15.833,1.06755,1.06777,2.25,1.00
2018.03.22 10:07:15.988,1.06755,1.06777,2.62,1.00
2018.03.22 10:07:18.522,1.06754,1.06777,1.37,1.00
2018.03.22 10:07:18.945,1.06753,1.06777,1.25,1.00
2018.03.22 10:07:19.458,1.06753,1.06776,1.12,1.00
2018.03.22 10:07:19.976,1.06753,1.06775,1.00,1.00
2018.03.22 10:07:20.979,1.06753,1.06775,1.19,1.00
2018.03.22 10:07:21.524,1.06753,1.06776,1.50,1.00
2018.03.22 10:07:22.381,1.06753,1.06776,1.50,1.00
2018.03.22 10:07:22.944,1.06753,1.06776,3.00,1.00
2018.03.22 10:07:23.600,1.06753,1.06776,2.25,1.00
2018.03.22 10:07:23.832,1.06753,1.06776,3.00,1.00
2018.03.22 10:07:26.651,1.06754,1.06776,1.12,1.00
2018.03.22 10:07:26.958,1.0675,1.06772,2.06,1.00
2018.03.22 10:07:27.468,1.06751,1.06771,1.25,1.00
2018.03.22 10:07:28.139,1.06752,1.06772,1.00,1.00
2018.03.22 10:07:28.475,1.06754,1.06773,1.00,1.00
2018.03.22 10:07:29.015,1.06755,1.06774,1.00,1.00
2018.03.22 10:07:29.496,1.06753,1.06774,1.00,1.00
2018.03.22 10:07:29.986,1.06751,1.06774,1.25,1.00
2018.03.22 10:07:30.597,1.06751,1.06774,1.44,1.00
2018.03.22 10:07:31.191,1.06751,1.06774,1.12,1.00
2018.03.22 10:07:31.404,1.06751,1.06774,1.69,1.00
2018.03.22 10:07:31.720,1.06752,1.06776,2.06,1.00
2018.03.22 10:07:33.009,1.06753,1.06776,1.62,1.00
2018.03.22 10:07:33.542,1.06755,1.06776,1.00,1.00
2018.03.22 10:07:33.695,1.06753,1.06776,1.25,1.00
2018.03.22 10:07:34.904,1.06753,1.06776,2.25,1.00
2018.03.22 10:07:35.452,1.06754,1.06777,1.00,1.00
2018.03.22 10:07:35.994,1.06754,1.06777,3.19,1.00
2018.03.22 10:07:36.326,1.06751,1.06771,1.31,1.00
2018.03.22 10:07:36.530,1.06751,1.06771,1.00,1.00
2018.03.22 10:07:37.502,1.06747,1.06771,5.81,1.00
2018.03.22 10:07:38.049,1.06747,1.0677,3.56,1.00
2018.03.22 10:07:38.597,1.06747,1.0677,2.06,1.00
2018.03.22 10:07:41.019,1.06747,1.0677,3.19,1.00
2018.03.22 10:07:41.321,1.06748,1.0677,1.56,1.00
2018.03.22 10:07:41.967,1.06752,1.0677,1.00,1.00
2018.03.22 10:07:42.540,1.06751,1.0677,1.00,1.00
2018.03.22 10:07:43.671,1.0675,1.0677,1.00,1.00
2018.03.22 10:07:44.265,1.06751,1.0677,1.00,1.00
2018.03.22 10:07:45.903,1.0675,1.0677,1.00,1.00
2018.03.22 10:07:46.445,1.0675,1.06769,1.00,1.00
2018.03.22 10:07:47.177,1.06751,1.06769,1.00,1.00
2018.03.22 10:07:47.732,1.0675,1.06769,1.00,1.00
2018.03.22 10:07:49.182,1.06751,1.06769,1.00,1.00
2018.03.22 10:07:51.179,1.06751,1.06768,1.00,1.00
2018.03.22 10:07:53.764,1.06747,1.06769,1.87,1.00
2018.03.22 10:07:55.228,1.06747,1.06768,1.87,1.00
2018.03.22 10:07:55.778,1.06747,1.06768,2.44,1.00
2018.03.22 10:07:56.271,1.06748,1.0677,1.87,1.00
2018.03.22 10:07:56.527,1.0675,1.06772,1.87,1.00
2018.03.22 10:07:57.035,1.06751,1.06771,1.00,1.00
2018.03.22 10:07:57.580,1.06751,1.0677,1.00,1.00
2018.03.22 10:07:57.802,1.06751,1.06772,1.12,1.00
2018.03.22 10:07:59.756,1.06752,1.06772,1.25,1.00
2018.03.22 10:08:00.266,1.06751,1.06772,2.25,1.00
2018.03.22 10:08:00.815,1.06751,1.06773,1.37,1.00
2018.03.22 10:08:01.721,1.06752,1.06775,1.69,1.00
2018.03.22 10:08:01.977,1.06752,1.06773,2.62,1.00
2018.03.22 10:08:02.284,1.06754,1.06773,1.00,1.00
2018.03.22 10:08:03.465,1.06753,1.06773,1.00,1.00
2018.03.22 10:08:04.004,1.06752,1.06773,1.50,1.00
2018.03.22 10:08:05.715,1.06752,1.06772,1.00,1.00
2018.03.22 10:08:06.075,1.06749,1.06771,2.06,1.00
2018.03.22 10:08:07.266,1.06749,1.06771,3.00,1.00
2018.03.22 10:08:07.775,1.06751,1.06772,2.25,1.00
2018.03.22 10:08:07.928,1.06752,1.06776,2.25,1.00
2018.03.22 10:08:08.131,1.06758,1.06776,1.00,1.00
2018.03.22 10:08:09.651,1.06752,1.0677,1.50,1.00
2018.03.22 10:08:09.805,1.06746,1.06766,1.50,1.00
2018.03.22 10:08:13.956,1.06745,1.06768,2.25,1.00
2018.03.22 10:08:14.007,1.06749,1.06769,1.00,1.00
2018.03.22 10:08:16.479,1.0675,1.06768,1.00,1.00
2018.03.22 10:08:16.583,1.06746,1.06769,2.44,1.00
2018.03.22 10:08:16.689,1.06747,1.06767,1.50,1.00
2018.03.22 10:08:16.999,1.0675,1.06768,1.00,1.00
2018.03.22 10:08:17.050,1.06747,1.06768,1.25,1.00
2018.03.22 10:08:17.559,1.06747,1.06767,1.00,1.00
2018.03.22 10:08:17.840,1.06747,1.06765,1.00,1.00
2018.03.22 10:08:17.944,1.06745,1.06764,1.50,1.00
2018.03.22 10:08:18.200,1.06746,1.06768,1.50,1.12
2018.03.22 10:08:18.354,1.0675,1.06771,1.50,1.00
2018.03.22 10:08:18.509,1.06748,1.06772,3.37,1.00
2018.03.22 10:08:18.560,1.06749,1.06772,3.00,1.00
2018.03.22 10:08:19.150,1.06752,1.06771,1.00,1.00
2018.03.22 10:08:19.750,1.06751,1.06771,1.50,1.00
2018.03.22 10:08:20.289,1.06752,1.06771,1.00,1.00
2018.03.22 10:08:20.692,1.06752,1.06769,1.00,1.00
2018.03.22 10:08:20.999,1.06754,1.06768,1.00,1.00
2018.03.22 10:08:22.283,1.06753,1.06768,1.00,1.00
2018.03.22 10:08:22.803,1.06754,1.06768,1.00,1.00
2018.03.22 10:08:22.855,1.06749,1.06768,1.00,1.00
2018.03.22 10:08:23.303,1.06751,1.06768,1.00,1.00
2018.03.22 10:08:24.014,1.06751,1.06767,1.00,1.00
2018.03.22 10:08:24.750,1.0675,1.06768,1.00,1.00
2018.03.22 10:08:25.077,1.06751,1.0677,1.00,1.00
2018.03.22 10:08:25.179,1.06749,1.0677,1.00,1.00
2018.03.22 10:08:25.711,1.0675,1.0677,1.00,1.00
2018.03.22 10:08:26.157,1.06747,1.0677,2.25,1.00
2018.03.22 10:08:26.663,1.06748,1.0677,1.69,1.00
2018.03.22 10:08:29.409,1.06748,1.06768,1.00,1.00
2018.03.22 10:08:30.078,1.06747,1.06768,1.87,1.00
2018.03.22 10:08:30.624,1.06748,1.06768,1.25,1.00
2018.03.22 10:08:32.490,1.0675,1.06772,1.12,1.00
2018.03.22 10:08:32.619,1.06752,1.06772,1.50,1.00
2018.03.22 10:08:32.932,1.06752,1.06774,1.87,1.00
2018.03.22 10:08:33.459,1.06752,1.06775,3.56,1.00
2018.03.22 10:08:34.716,1.06752,1.06775,2.44,1.00
2018.03.22 10:08:35.024,1.06751,1.06771,1.50,1.00
2018.03.22 10:08:35.876,1.06751,1.06772,1.50,1.00
2018.03.22 10:08:36.753,1.06751,1.06771,1.00,1.00
2018.03.22 10:08:36.857,1.06749,1.06771,1.00,1.37
2018.03.22 10:08:37.374,1.06749,1.06769,1.00,1.00
2018.03.22 10:08:38.260,1.06747,1.06769,2.81,1.00
2018.03.22 10:08:39.029,1.06747,1.06769,2.62,1.00
2018.03.22 10:08:40.186,1.06749,1.06769,1.00,1.00
2018.03.22 10:08:42.819,1.06749,1.06767,1.00,1.00
2018.03.22 10:08:44.489,1.06749,1.06766,1.00,1.00
2018.03.22 10:08:47.140,1.06747,1.06766,1.00,1.00
2018.03.22 10:08:50.171,1.06747,1.06767,1.00,1.00
2018.03.22 10:08:55.553,1.06744,1.06767,2.62,1.00
2018.03.22 10:08:55.605,1.06744,1.06765,1.37,1.00
2018.03.22 10:08:56.156,1.06744,1.06765,2.44,1.00
2018.03.22 10:08:56.687,1.06743,1.06764,1.00,1.00
2018.03.22 10:08:57.639,1.06743,1.06763,1.00,1.00
2018.03.22 10:08:59.424,1.06738,1.06756,1.00,1.00
2018.03.22 10:08:59.526,1.06735,1.06755,1.00,1.00
2018.03.22 10:08:59.578,1.06735,1.06753,1.00,1.00
2018.03.22 10:09:00.113,1.06734,1.06753,1.00,1.00
2018.03.22 10:09:00.621,1.06734,1.06752,1.00,1.00
2018.03.22 10:09:01.020,1.06731,1.06752,1.25,1.00
2018.03.22 10:09:02.455,1.0673,1.06751,1.12,1.00
2018.03.22 10:09:03.131,1.06729,1.06751,1.56,1.00
2018.03.22 10:09:04.280,1.06728,1.06751,3.00,1.00
2018.03.22 10:09:04.854,1.06729,1.06751,1.25,1.00
2018.03.22 10:09:05.188,1.0673,1.06749,1.00,1.00
2018.03.22 10:09:05.240,1.06731,1.06751,1.12,1.00
2018.03.22 10:09:06.453,1.06731,1.06753,1.12,1.00
2018.03.22 10:09:07.873,1.06729,1.06753,1.69,1.00
2018.03.22 10:09:08.098,1.06729,1.06753,2.06,1.00
2018.03.22 10:09:09.437,1.06729,1.06753,1.31,1.00
2018.03.22 10:09:10.528,1.06728,1.06753,1.81,1.00
2018.03.22 10:09:13.118,1.06728,1.06753,2.62,1.00
2018.03.22 10:09:14.170,1.0673,1.06753,1.50,1.00
2018.03.22 10:09:15.510,1.06729,1.06753,1.50,1.00
2018.03.22 10:09:17.889,1.06728,1.06753,1.37,1.00
2018.03.22 10:09:18.424,1.0673,1.06753,1.25,1.00
2018.03.22 10:09:19.937,1.06729,1.06753,2.44,1.00
2018.03.22 10:09:21.472,1.06729,1.06753,1.44,1.00
2018.03.22 10:09:22.306,1.06729,1.06753,1.25,1.00
2018.03.22 10:09:26.120,1.06728,1.06753,1.12,1.00
2018.03.22 10:09:26.448,1.06729,1.06753,1.87,1.00
2018.03.22 10:09:26.955,1.06729,1.06753,1.50,1.00
2018.03.22 10:09:27.437,1.06729,1.06751,1.50,1.00
2018.03.22 10:09:28.089,1.06728,1.06751,2.25,1.00
2018.03.22 10:09:28.784,1.06728,1.06751,1.25,1.00
2018.03.22 10:09:30.451,1.06729,1.06751,1.00,1.00
2018.03.22 10:09:33.499,1.06729,1.06751,1.19,1.00
2018.03.22 10:09:34.091,1.0673,1.06752,1.00,1.12
2018.03.22 10:09:34.640,1.0673,1.06752,3.56,1.12
2018.03.22 10:09:34.793,1.06732,1.06754,1.25,1.12
2018.03.22 10:09:35.662,1.06733,1.06754,1.00,1.12
2018.03.22 10:09:36.224,1.06731,1.06754,2.25,1.12
2018.03.22 10:09:41.674,1.06732,1.06754,1.00,1.12
2018.03.22 10:09:45.152,1.06733,1.06754,1.00,1.12
2018.03.22 10:09:45.369,1.06731,1.06754,1.25,1.12
2018.03.22 10:09:49.870,1.06732,1.06756,1.00,1.50
2018.03.22 10:09:50.180,1.06736,1.06756,1.00,3.00
2018.03.22 10:09:50.721,1.06732,1.06755,1.00,1.37
2018.03.22 10:09:51.238,1.06732,1.06755,1.00,1.00
2018.03.22 10:09:52.777,1.06734,1.06757,1.25,1.00
2018.03.22 10:09:52.879,1.06734,1.0676,2.25,1.50
2018.03.22 10:09:52.930,1.06735,1.06762,1.69,1.68
2018.03.22 10:09:53.235,1.06738,1.06763,1.31,1.00
2018.03.22 10:09:53.537,1.06741,1.06765,1.12,1.50
2018.03.22 10:09:54.047,1.06742,1.06765,1.00,1.00
2018.03.22 10:09:54.616,1.06742,1.06766,1.00,1.25
2018.03.22 10:09:56.157,1.06742,1.06766,1.12,1.19
2018.03.22 10:09:56.672,1.06742,1.06766,1.12,1.12
2018.03.22 10:09:57.536,1.06742,1.06767,1.00,2.25
2018.03.22 10:09:57.845,1.06742,1.06765,1.50,1.00
2018.03.22 10:09:59.118,1.06742,1.06766,1.50,1.25
2018.03.22 10:10:01.738,1.06742,1.06766,1.87,1.44
2018.03.22 10:10:02.248,1.06742,1.06766,1.87,1.25
2018.03.22 10:10:02.842,1.06742,1.06766,1.87,1.42
2018.03.22 10:10:04.042,1.06742,1.06766,2.25,1.42
2018.03.22 10:10:04.360,1.06744,1.06767,1.12,1.00
2018.03.22 10:10:04.972,1.06744,1.06767,1.12,3.17
2018.03.22 10:10:05.484,1.06744,1.06767,1.12,1.00
2018.03.22 10:10:06.056,1.06744,1.06767,1.12,1.69
2018.03.22 10:10:07.584,1.06744,1.06767,1.12,1.25
2018.03.22 10:10:08.613,1.06742,1.06767,2.25,3.75
2018.03.22 10:10:09.220,1.06742,1.06767,2.25,3.00
2018.03.22 10:10:09.375,1.06742,1.06767,2.25,3.56
2018.03.22 10:10:09.427,1.06742,1.06767,2.25,2.62
2018.03.22 10:10:10.025,1.06742,1.06767,2.25,3.75
2018.03.22 10:10:10.640,1.06742,1.06767,2.25,3.37
2018.03.22 10:10:10.813,1.06742,1.06767,1.87,1.87
2018.03.22 10:10:11.333,1.06741,1.06766,1.37,1.25
2018.03.22 10:10:11.487,1.06741,1.06766,1.37,1.37
2018.03.22 10:10:11.994,1.06741,1.06765,1.12,1.25
2018.03.22 10:10:13.971,1.0674,1.06765,1.87,1.25
2018.03.22 10:10:14.778,1.06741,1.06765,1.00,1.25
2018.03.22 10:10:15.203,1.06744,1.06767,1.67,2.06
2018.03.22 10:10:15.510,1.06745,1.06761,1.00,1.00
2018.03.22 10:10:15.768,1.06742,1.0676,1.00,1.00
2018.03.22 10:10:16.201,1.0674,1.06758,1.12,1.00
2018.03.22 10:10:18.592,1.0674,1.06759,1.00,1.00
2018.03.22 10:10:18.856,1.06737,1.06757,2.06,1.00
2018.03.22 10:10:19.380,1.06737,1.06757,3.56,1.00
2018.03.22 10:10:25.061,1.0674,1.06757,1.00,1.00
2018.03.22 10:10:25.604,1.06739,1.06757,1.25,1.00
2018.03.22 10:10:38.376,1.06739,1.06758,1.00,1.00
2018.03.22 10:10:38.783,1.06737,1.06757,2.81,1.00
2018.03.22 10:10:41.866,1.06735,1.06756,1.87,1.00
2018.03.22 10:10:41.917,1.06736,1.06754,1.12,1.00
2018.03.22 10:10:42.421,1.06736,1.06755,1.12,1.00
2018.03.22 10:10:42.943,1.06736,1.06755,1.62,1.00
2018.03.22 10:10:43.430,1.06739,1.06755,1.00,1.00
2018.03.22 10:10:45.503,1.06739,1.06757,1.50,1.00
2018.03.22 10:10:58.805,1.0674,1.06757,1.00,1.00
2018.03.22 10:10:59.172,1.0674,1.06764,1.00,2.25
2018.03.22 10:10:59.836,1.06741,1.06765,1.00,1.50
2018.03.22 10:11:00.137,1.06744,1.06767,1.00,1.50
2018.03.22 10:11:00.648,1.06744,1.06767,1.00,1.87
2018.03.22 10:11:01.045,1.06742,1.06764,1.50,1.00
2018.03.22 10:11:07.868,1.06743,1.06764,1.00,1.00
2018.03.22 10:11:08.022,1.06743,1.06767,1.00,2.25
2018.03.22 10:11:08.124,1.06744,1.06765,1.00,1.12
2018.03.22 10:11:08.277,1.06742,1.06764,1.00,1.00
2018.03.22 10:11:08.329,1.0674,1.06764,2.62,1.50
2018.03.22 10:11:08.879,1.06739,1.06764,1.12,1.87
2018.03.22 10:11:10.514,1.06738,1.06764,2.06,2.25
2018.03.22 10:11:10.758,1.06741,1.06764,1.00,3.19
2018.03.22 10:11:11.268,1.06742,1.06764,1.00,2.81
2018.03.22 10:11:13.169,1.06741,1.06765,1.69,3.19
2018.03.22 10:11:13.717,1.0674,1.06764,1.00,4.12
2018.03.22 10:11:14.281,1.0674,1.06764,1.00,1.69
2018.03.22 10:11:15.773,1.0674,1.06764,1.25,2.44
2018.03.22 10:11:16.319,1.0674,1.06764,1.69,2.44
2018.03.22 10:11:16.873,1.0674,1.06765,1.69,1.62
2018.03.22 10:11:17.412,1.0674,1.06765,2.44,1.37
2018.03.22 10:11:18.043,1.0674,1.06764,2.44,1.37
2018.03.22 10:11:20.265,1.06741,1.06765,1.00,3.00
2018.03.22 10:11:22.436,1.06741,1.06765,1.00,3.37
2018.03.22 10:11:23.860,1.06741,1.06764,1.00,1.62
2018.03.22 10:11:30.221,1.06741,1.06764,1.00,1.00
2018.03.22 10:11:30.578,1.06743,1.06766,1.00,1.69
2018.03.22 10:11:30.629,1.06743,1.06766,1.00,1.31
2018.03.22 10:11:31.073,1.06743,1.06766,1.00,1.31
2018.03.22 10:11:31.204,1.06743,1.06766,1.00,1.12
2018.03.22 10:11:31.925,1.06743,1.06766,1.00,1.44
2018.03.22 10:11:32.493,1.06743,1.06766,1.00,1.25
2018.03.22 10:11:33.276,1.06743,1.06766,1.00,1.44
2018.03.22 10:11:40.351,1.06743,1.06766,1.00,2.62
2018.03.22 10:11:48.286,1.0674,1.06764,1.50,1.25
2018.03.22 10:11:48.843,1.0674,1.06764,1.00,1.19
2018.03.22 10:11:49.368,1.0674,1.06765,1.12,1.87
2018.03.22 10:11:49.929,1.0674,1.06765,1.37,2.62
2018.03.22 10:11:50.485,1.0674,1.06765,1.37,3.00
2018.03.22 10:11:51.149,1.0674,1.06765,1.37,2.06
2018.03.22 10:11:51.201,1.06743,1.06764,1.00,1.00
2018.03.22 10:11:53.853,1.06743,1.06765,1.00,1.25
2018.03.22 10:11:55.283,1.06743,1.06764,1.00,1.00
2018.03.22 10:11:55.592,1.0674,1.06764,1.12,1.00
2018.03.22 10:11:56.119,1.06739,1.06764,2.25,1.25
2018.03.22 10:11:57.158,1.06742,1.06765,1.00,1.00
2018.03.22 10:11:57.671,1.06742,1.06766,1.00,1.69
2018.03.22 10:11:57.994,1.0674,1.06758,1.25,1.00
2018.03.22 10:11:58.098,1.06737,1.06756,1.87,1.00
2018.03.22 10:11:58.150,1.06735,1.06757,1.12,1.50
2018.03.22 10:11:59.192,1.06735,1.06756,1.12,1.00
2018.03.22 10:12:00.175,1.06735,1.06757,1.25,1.12
2018.03.22 10:12:00.959,1.06735,1.06756,1.00,1.00
2018.03.22 10:12:01.496,1.06735,1.06757,1.00,2.06
2018.03.22 10:12:03.746,1.06735,1.06756,1.00,1.00
2018.03.22 10:12:04.342,1.06735,1.06757,1.00,1.12
2018.03.22 10:12:07.146,1.06734,1.06757,1.12,1.00
2018.03.22 10:12:07.249,1.06734,1.06759,1.12,1.00
2018.03.22 10:12:08.793,1.06734,1.06758,1.69,1.00
2018.03.22 10:12:10.025,1.06734,1.06758,2.06,1.00
2018.03.22 10:12:11.043,1.06734,1.0676,2.06,1.25
2018.03.22 10:12:14.281,1.06735,1.06756,1.62,1.00
2018.03.22 10:12:14.833,1.06735,1.06761,2.06,1.44
2018.03.22 10:12:15.352,1.06736,1.06761,1.31,1.00
2018.03.22 10:12:16.859,1.06736,1.06761,1.50,1.00
2018.03.22 10:12:18.797,1.06736,1.06761,1.50,1.00
2018.03.22 10:12:19.332,1.06736,1.06761,1.50,1.44
2018.03.22 10:12:20.346,1.06736,1.06758,1.00,1.12
2018.03.22 10:12:20.655,1.06734,1.06755,1.12,2.62
2018.03.22 10:12:20.707,1.06734,1.06755,1.12,1.87
2018.03.22 10:12:20.758,1.06737,1.06756,2.62,1.69
2018.03.22 10:12:20.810,1.06738,1.06763,1.50,1.25
2018.03.22 10:12:20.912,1.06739,1.06763,1.12,1.37
2018.03.22 10:12:21.250,1.06738,1.06758,1.00,1.00
2018.03.22 10:12:21.706,1.06739,1.06766,1.31,3.00
2018.03.22 10:12:22.133,1.06741,1.06765,1.75,1.00
2018.03.22 10:12:22.438,1.06742,1.06766,1.75,1.00
2018.03.22 10:12:23.559,1.06742,1.06766,2.25,1.00
2018.03.22 10:12:24.732,1.06743,1.06766,1.75,1.00
2018.03.22 10:12:25.339,1.06743,1.06767,1.75,1.00
2018.03.22 10:12:26.610,1.06743,1.06767,1.87,1.00
2018.03.22 10:12:27.177,1.06743,1.06768,2.81,1.00
2018.03.22 10:12:27.733,1.06745,1.06769,1.75,1.00
2018.03.22 10:12:28.645,1.06745,1.06769,1.50,1.00
2018.03.22 10:12:34.895,1.06749,1.06772,1.37,2.25
2018.03.22 10:12:34.947,1.06749,1.06776,3.00,2.62
2018.03.22 10:12:35.000,1.06751,1.06777,1.12,1.00
2018.03.22 10:12:35.052,1.06753,1.06777,1.12,1.00
2018.03.22 10:12:35.156,1.06751,1.06777,1.12,1.50
2018.03.22 10:12:35.261,1.06752,1.06776,1.87,1.00
2018.03.22 10:12:35.886,1.06752,1.06776,1.87,1.44
2018.03.22 10:12:37.240,1.06752,1.06777,1.87,1.87
2018.03.22 10:12:38.892,1.06753,1.06776,1.75,1.00
2018.03.22 10:12:40.001,1.06752,1.06776,1.87,1.00
2018.03.22 10:12:40.526,1.06752,1.06775,1.75,1.00
2018.03.22 10:12:43.581,1.06752,1.06776,1.75,1.00
2018.03.22 10:12:44.185,1.06752,1.06775,1.75,1.00
2018.03.22 10:12:44.468,1.06752,1.06776,2.06,1.50
2018.03.22 10:12:44.522,1.0675,1.06773,2.25,1.00
2018.03.22 10:12:44.624,1.06749,1.06772,1.37,1.12
2018.03.22 10:12:56.183,1.06746,1.06771,4.50,1.00
2018.03.22 10:12:57.240,1.06746,1.0677,2.44,1.00
2018.03.22 10:12:57.986,1.06746,1.0677,2.00,1.00
2018.03.22 10:12:58.639,1.06746,1.0677,2.44,1.00
2018.03.22 10:13:02.702,1.06751,1.06774,1.87,1.00
2018.03.22 10:13:02.988,1.06754,1.06777,1.50,1.00
2018.03.22 10:13:03.043,1.06753,1.06777,1.87,3.94
2018.03.22 10:13:03.351,1.06753,1.06777,1.87,1.50
2018.03.22 10:13:03.884,1.06754,1.06778,1.75,1.31
2018.03.22 10:13:04.392,1.06754,1.06779,1.12,2.62
2018.03.22 10:13:05.042,1.06754,1.06777,1.12,1.00
2018.03.22 10:13:05.552,1.06752,1.06777,1.87,1.25
2018.03.22 10:13:06.453,1.06751,1.06772,2.06,1.00
2018.03.22 10:13:06.556,1.06751,1.06774,1.12,1.00
2018.03.22 10:13:06.709,1.06751,1.06772,1.50,1.00
2018.03.22 10:13:06.862,1.06751,1.06772,1.00,1.00
2018.03.22 10:13:07.167,1.06748,1.06772,3.19,1.00
2018.03.22 10:13:07.642,1.06749,1.06774,2.44,2.81
2018.03.22 10:13:07.695,1.06753,1.06775,1.37,1.00
2018.03.22 10:13:08.003,1.06755,1.06777,1.12,1.12
2018.03.22 10:13:09.720,1.06753,1.06778,1.12,1.50
2018.03.22 10:13:10.087,1.06754,1.06778,1.12,1.69
2018.03.22 10:13:13.571,1.06752,1.06775,1.12,1.00
2018.03.22 10:13:13.730,1.06749,1.06773,1.12,1.00
2018.03.22 10:13:14.075,1.0675,1.06777,1.87,1.37
2018.03.22 10:13:14.761,1.06752,1.06777,1.12,1.37
2018.03.22 10:13:15.312,1.06752,1.06777,1.12,1.44
2018.03.22 10:13:15.391,1.06752,1.06777,1.12,1.25
2018.03.22 10:13:15.719,1.06752,1.06777,1.12,1.37
2018.03.22 10:13:16.659,1.06752,1.06777,1.12,1.44
2018.03.22 10:13:17.096,1.06751,1.06773,1.75,1.25
2018.03.22 10:13:17.614,1.06749,1.06772,1.12,1.00
2018.03.22 10:13:18.122,1.0675,1.06773,1.12,1.00
2018.03.22 10:13:20.149,1.0675,1.06773,1.12,1.00
2018.03.22 10:13:20.927,1.06748,1.06773,2.00,1.44
2018.03.22 10:13:21.333,1.06748,1.06771,2.00,1.00
2018.03.22 10:13:21.865,1.06748,1.06772,2.00,2.44
2018.03.22 10:13:22.377,1.06748,1.06771,1.75,1.00
2018.03.22 10:13:22.923,1.06748,1.06772,1.87,1.50
2018.03.22 10:13:23.456,1.06748,1.06771,1.75,1.50
2018.03.22 10:13:24.789,1.06747,1.06771,1.12,1.50
2018.03.22 10:13:27.857,1.06748,1.06771,1.75,1.00
2018.03.22 10:13:28.405,1.06748,1.06771,1.75,1.00
2018.03.22 10:13:28.958,1.06748,1.06772,1.87,1.50
2018.03.22 10:13:30.056,1.06748,1.06771,1.75,1.00
2018.03.22 10:13:31.630,1.06748,1.06771,1.87,1.50
2018.03.22 10:13:31.934,1.0675,1.06775,1.75,1.69
2018.03.22 10:13:32.448,1.06752,1.06775,1.50,2.81
2018.03.22 10:13:32.753,1.06748,1.06772,1.75,1.00
2018.03.22 10:13:33.943,1.06748,1.06772,1.75,1.44
2018.03.22 10:13:34.606,1.06748,1.06772,1.75,1.25
2018.03.22 10:13:34.963,1.06749,1.06772,1.12,1.00
2018.03.22 10:13:35.217,1.06748,1.06773,1.75,1.25
2018.03.22 10:13:35.767,1.06748,1.06773,2.00,1.44
2018.03.22 10:13:36.738,1.06748,1.06773,1.75,2.25
2018.03.22 10:13:39.272,1.06747,1.06772,1.12,3.00
2018.03.22 10:13:40.013,1.06747,1.06772,1.12,3.00
2018.03.22 10:13:40.524,1.06748,1.06772,1.12,2.81
2018.03.22 10:13:41.114,1.06748,1.06772,1.12,3.37
2018.03.22 10:13:44.399,1.06746,1.06772,1.12,4.50
2018.03.22 10:13:45.017,1.06746,1.06772,1.12,3.75
2018.03.22 10:13:45.549,1.06746,1.06771,1.12,1.00
2018.03.22 10:13:47.167,1.06745,1.06772,1.87,3.00
2018.03.22 10:13:52.754,1.06747,1.06771,1.12,1.00
2018.03.22 10:13:57.661,1.06746,1.06772,1.75,1.25
2018.03.22 10:13:57.816,1.06748,1.06774,1.12,3.00
2018.03.22 10:13:58.121,1.0675,1.06772,1.87,1.25
2018.03.22 10:13:58.737,1.06748,1.06773,1.12,3.75
2018.03.22 10:13:59.270,1.06746,1.06772,2.06,1.37
2018.03.22 10:13:59.809,1.06746,1.06772,1.87,1.25
2018.03.22 10:14:00.133,1.06747,1.06767,1.37,1.12
2018.03.22 10:14:00.234,1.06746,1.06767,1.00,1.00
2018.03.22 10:14:00.437,1.06741,1.06766,2.81,1.25
2018.03.22 10:14:01.654,1.06741,1.06766,1.69,1.25
2018.03.22 10:14:02.857,1.06741,1.06766,2.44,1.19
2018.03.22 10:14:03.137,1.06738,1.06763,2.06,1.00
2018.03.22 10:14:06.598,1.06738,1.06763,2.81,1.50
2018.03.22 10:14:11.226,1.06738,1.06762,1.87,1.00
2018.03.22 10:14:11.841,1.06738,1.06763,2.81,1.00
2018.03.22 10:14:14.083,1.0674,1.06764,1.00,1.87
2018.03.22 10:14:14.695,1.06741,1.06766,2.62,1.50
2018.03.22 10:14:14.746,1.06742,1.06767,1.50,1.25
2018.03.22 10:14:14.797,1.06742,1.06767,1.12,1.31
2018.03.22 10:14:14.848,1.06742,1.06765,1.12,1.12
2018.03.22 10:14:17.542,1.06739,1.06762,1.69,1.00
2018.03.22 10:14:17.851,1.06736,1.0676,3.37,1.00
2018.03.22 10:14:20.056,1.06737,1.0676,1.25,1.00
2018.03.22 10:14:20.745,1.06738,1.0676,1.00,1.00
2018.03.22 10:14:21.264,1.06738,1.06761,1.69,1.25
2018.03.22 10:14:21.316,1.06738,1.06762,2.25,1.31
2018.03.22 10:14:22.374,1.06739,1.06762,1.00,2.81
2018.03.22 10:14:22.480,1.06738,1.06762,1.50,2.06
2018.03.22 10:14:23.592,1.0674,1.06764,1.37,1.50
2018.03.22 10:14:23.644,1.06737,1.06762,2.44,1.00
2018.03.22 10:14:23.695,1.06738,1.06764,2.25,1.69
2018.03.22 10:14:23.747,1.06739,1.06764,1.50,1.00
2018.03.22 10:14:25.463,1.0674,1.06765,1.50,1.69
2018.03.22 10:14:25.983,1.0674,1.06764,1.50,1.00
2018.03.22 10:14:26.542,1.0674,1.06763,1.50,1.00
2018.03.22 10:14:27.654,1.06739,1.06764,2.00,1.50
2018.03.22 10:14:30.082,1.0674,1.06764,1.62,1.50
2018.03.22 10:14:32.808,1.06738,1.06762,1.12,2.25
2018.03.22 10:14:33.113,1.06738,1.06762,1.50,1.50
2018.03.22 10:14:33.316,1.06739,1.06765,1.37,1.69
2018.03.22 10:14:33.856,1.0674,1.06765,1.31,1.44
2018.03.22 10:14:33.908,1.0674,1.06765,1.69,1.44
2018.03.22 10:14:34.431,1.06741,1.06765,1.37,1.25
2018.03.22 10:14:34.768,1.0674,1.06765,1.69,1.37
2018.03.22 10:14:35.100,1.0674,1.06765,1.69,1.25
2018.03.22 10:14:36.744,1.06739,1.06764,1.87,1.00
2018.03.22 10:14:36.848,1.06739,1.06762,1.87,1.50
2018.03.22 10:14:38.071,1.0674,1.06762,1.00,1.50
2018.03.22 10:14:39.390,1.0674,1.06762,1.37,1.50
2018.03.22 10:14:39.543,1.0674,1.06764,1.37,1.50
2018.03.22 10:14:39.594,1.0674,1.06762,1.00,1.00
2018.03.22 10:14:40.204,1.06739,1.06763,2.44,1.87
2018.03.22 10:14:40.537,1.06743,1.06765,1.00,1.19
2018.03.22 10:14:40.689,1.06743,1.06766,1.00,1.00
2018.03.22 10:14:41.277,1.06743,1.06766,1.00,1.44
2018.03.22 10:14:41.590,1.06743,1.06767,2.25,2.25
2018.03.22 10:14:42.743,1.06745,1.06767,1.37,1.00
2018.03.22 10:14:43.922,1.06745,1.06767,1.12,1.00
2018.03.22 10:14:44.180,1.06746,1.06771,1.87,3.94
2018.03.22 10:14:44.955,1.06748,1.06771,1.00,3.00
2018.03.22 10:14:45.187,1.06748,1.06771,1.50,2.25
2018.03.22 10:14:46.263,1.06747,1.06771,1.12,1.50
2018.03.22 10:14:54.763,1.06745,1.0677,1.75,1.31
2018.03.22 10:14:56.383,1.06749,1.0677,1.00,1.31
2018.03.22 10:14:57.162,1.06749,1.06768,1.00,1.00
2018.03.22 10:14:57.771,1.06748,1.06768,1.12,1.00
2018.03.22 10:14:58.158,1.0675,1.06768,1.00,1.00
2018.03.22 10:15:01.064,1.0675,1.06767,1.00,1.00
2018.03.22 10:15:01.418,1.06747,1.06767,1.37,1.00
2018.03.22 10:15:01.520,1.0675,1.06767,1.00,1.00
2018.03.22 10:15:01.672,1.06744,1.06762,1.00,1.00
2018.03.22 10:15:01.774,1.06741,1.06761,1.37,1.00
2018.03.22 10:15:01.876,1.06741,1.06761,1.37,1.00
2018.03.22 10:15:01.927,1.06741,1.06759,1.37,1.00
2018.03.22 10:15:02.181,1.0674,1.06758,1.12,1.00
2018.03.22 10:15:02.360,1.0674,1.06759,1.37,1.00
2018.03.22 10:15:02.411,1.06742,1.06762,1.00,1.00
2018.03.22 10:15:02.462,1.06743,1.0676,1.12,1.00
2018.03.22 10:15:02.564,1.0674,1.06761,1.00,1.00
2018.03.22 10:15:03.104,1.0674,1.0676,1.00,1.00
2018.03.22 10:15:04.067,1.0674,1.06761,1.00,1.00
2018.03.22 10:15:04.119,1.06742,1.06761,1.00,1.00
2018.03.22 10:15:08.733,1.06744,1.06761,1.00,1.00
2018.03.22 10:15:10.424,1.06742,1.06761,1.00,1.00
2018.03.22 10:15:11.119,1.06743,1.06761,1.00,1.00
2018.03.22 10:15:15.503,1.06744,1.06761,1.00,1.50
2018.03.22 10:15:21.126,1.06741,1.06761,1.37,1.50
2018.03.22 10:15:22.661,1.06741,1.06761,1.00,1.50
2018.03.22 10:15:24.258,1.06742,1.06761,1.00,1.50
2018.03.22 10:15:24.786,1.06741,1.0676,1.00,1.00
2018.03.22 10:15:25.362,1.0674,1.0676,1.00,1.00
2018.03.22 10:15:26.288,1.06738,1.0676,2.06,2.25
2018.03.22 10:15:26.816,1.06738,1.06759,2.06,1.00
2018.03.22 10:15:27.653,1.06738,1.06759,1.87,1.00
2018.03.22 10:15:28.864,1.06738,1.0676,1.62,1.50
2018.03.22 10:15:29.575,1.06738,1.0676,1.31,1.50
2018.03.22 10:15:30.473,1.06738,1.06759,1.31,1.00
2018.03.22 10:15:32.033,1.06738,1.0676,1.87,2.25
2018.03.22 10:15:32.086,1.06737,1.06757,1.00,1.00
2018.03.22 10:15:32.241,1.06734,1.06755,1.50,1.50
2018.03.22 10:15:32.789,1.06734,1.06754,1.00,1.00
2018.03.22 10:15:34.389,1.06734,1.06754,1.62,1.00
2018.03.22 10:15:35.022,1.06734,1.06755,1.87,1.00
2018.03.22 10:15:37.487,1.06734,1.06754,1.87,1.00
2018.03.22 10:15:40.230,1.06734,1.06754,1.00,1.00
2018.03.22 10:15:48.010,1.06736,1.06754,1.00,1.00
2018.03.22 10:15:48.062,1.06734,1.06754,4.31,1.00
2018.03.22 10:15:48.113,1.06735,1.06754,2.44,1.00
2018.03.22 10:15:48.215,1.06737,1.06754,1.37,1.00
2018.03.22 10:15:48.370,1.06734,1.06758,3.00,1.50
2018.03.22 10:15:48.421,1.06734,1.06756,3.00,1.00
2018.03.22 10:15:48.545,1.06734,1.06758,3.00,1.50
2018.03.22 10:15:48.990,1.06736,1.06756,1.12,1.00
2018.03.22 10:15:49.538,1.06734,1.06756,2.62,1.00
2018.03.22 10:15:50.158,1.06734,1.06756,2.44,1.00
2018.03.22 10:15:51.349,1.06734,1.06756,1.12,1.00
2018.03.22 10:15:53.362,1.06735,1.06755,1.12,1.50
2018.03.22 10:15:53.465,1.06734,1.06756,1.50,1.00
2018.03.22 10:15:53.989,1.06733,1.06755,2.06,1.00
2018.03.22 10:15:55.146,1.06732,1.06753,2.44,1.00
2018.03.22 10:15:55.689,1.06731,1.06752,2.44,1.00
2018.03.22 10:15:56.000,1.0673,1.06752,2.25,1.00
2018.03.22 10:15:56.528,1.06731,1.06751,1.19,1.00
2018.03.22 10:15:56.582,1.0673,1.06751,1.31,1.00
2018.03.22 10:15:56.634,1.06728,1.06748,1.00,1.00
2018.03.22 10:15:57.149,1.06726,1.06747,1.56,1.00
2018.03.22 10:15:57.681,1.06726,1.06747,1.25,1.00
2018.03.22 10:15:58.236,1.06726,1.06747,1.37,1.00
2018.03.22 10:16:00.424,1.06724,1.06746,2.19,1.00
2018.03.22 10:16:01.332,1.06725,1.06748,1.12,1.00
2018.03.22 10:16:01.385,1.06726,1.06749,1.75,1.00
2018.03.22 10:16:01.966,1.06727,1.06745,1.25,1.00
2018.03.22 10:16:02.118,1.06727,1.06747,1.31,1.00
2018.03.22 10:16:02.330,1.06729,1.06751,1.37,1.50
2018.03.22 10:16:02.688,1.06732,1.06752,1.00,1.00
2018.03.22 10:16:04.111,1.06732,1.06753,1.87,1.00
2018.03.22 10:16:05.873,1.06732,1.06753,2.25,1.00
2018.03.22 10:16:06.411,1.06732,1.06753,1.87,1.00
2018.03.22 10:16:07.126,1.06732,1.06752,1.87,1.00
2018.03.22 10:16:07.387,1.06732,1.06754,3.00,1.00
2018.03.22 10:16:07.438,1.06734,1.06756,1.00,1.50
2018.03.22 10:16:08.009,1.06735,1.06756,1.00,1.00
2018.03.22 10:16:09.797,1.06735,1.06757,1.50,1.00
2018.03.22 10:16:13.653,1.06735,1.06756,1.00,1.00
2018.03.22 10:16:13.704,1.06733,1.0675,1.50,1.00
2018.03.22 10:16:13.756,1.06731,1.0675,1.00,1.00
2018.03.22 10:16:13.954,1.06729,1.0675,1.31,1.00
2018.03.22 10:16:14.853,1.06729,1.06749,1.00,1.00
2018.03.22 10:16:15.165,1.06728,1.06751,1.50,1.12
2018.03.22 10:16:15.368,1.0673,1.06751,1.00,1.00
2018.03.22 10:16:15.470,1.0673,1.06754,1.37,1.00
2018.03.22 10:16:15.624,1.06729,1.06752,1.87,1.00
2018.03.22 10:16:17.707,1.06728,1.06752,4.12,1.00
2018.03.22 10:16:18.226,1.06728,1.06752,3.94,1.00
2018.03.22 10:16:19.920,1.06728,1.06752,3.37,1.00
2018.03.22 10:16:20.451,1.06729,1.06752,1.25,1.00
2018.03.22 10:16:20.778,1.06731,1.06752,1.00,1.00
2018.03.22 10:16:21.238,1.06728,1.06752,1.25,1.00
2018.03.22 10:16:21.527,1.06727,1.06748,1.69,1.00
2018.03.22 10:16:22.581,1.06727,1.06748,2.06,1.00
2018.03.22 10:16:23.385,1.06727,1.06748,1.12,1.00
2018.03.22 10:16:24.318,1.06725,1.06746,1.00,1.00
2018.03.22 10:16:24.876,1.06725,1.06746,1.31,1.00
2018.03.22 10:16:25.396,1.06726,1.06745,1.00,1.00
2018.03.22 10:16:25.966,1.06725,1.06745,1.00,1.00
2018.03.22 10:16:27.319,1.06724,1.06745,1.25,1.00
2018.03.22 10:16:28.811,1.06725,1.06745,1.00,1.00
2018.03.22 10:16:29.350,1.06724,1.06745,1.00,1.00
2018.03.22 10:16:30.477,1.06723,1.06745,1.25,1.00
2018.03.22 10:16:30.580,1.06721,1.06744,1.12,1.00
2018.03.22 10:16:31.171,1.06721,1.06744,1.50,1.00
2018.03.22 10:16:32.371,1.06721,1.06744,1.31,1.00
2018.03.22 10:16:32.868,1.06721,1.06742,1.00,1.00
2018.03.22 10:16:33.221,1.06718,1.06739,1.00,1.00
2018.03.22 10:16:33.885,1.06719,1.06739,1.00,1.00
2018.03.22 10:16:34.442,1.06717,1.06739,1.50,1.00
2018.03.22 10:16:37.354,1.06716,1.06738,2.06,1.00
2018.03.22 10:16:37.662,1.06712,1.06731,1.19,1.00
2018.03.22 10:16:37.715,1.06711,1.06731,1.12,1.00
2018.03.22 10:16:38.217,1.0671,1.06731,1.12,1.00
2018.03.22 10:16:38.806,1.06709,1.06731,2.06,1.00
2018.03.22 10:16:38.910,1.06709,1.06729,1.31,1.00
2018.03.22 10:16:39.222,1.06707,1.06724,1.00,1.00
2018.03.22 10:16:39.782,1.06706,1.06724,1.00,1.00
2018.03.22 10:16:40.362,1.06707,1.06724,1.00,1.00
2018.03.22 10:16:40.871,1.06706,1.06723,1.00,1.00
2018.03.22 10:16:42.293,1.06707,1.06723,1.00,1.00
2018.03.22 10:16:42.415,1.06704,1.06723,1.69,1.00
2018.03.22 10:16:43.354,1.06704,1.06723,1.69,1.00
2018.03.22 10:16:43.950,1.06704,1.06722,1.19,1.00
2018.03.22 10:16:45.986,1.06704,1.06723,1.19,1.00
2018.03.22 10:16:47.399,1.06704,1.06723,1.19,1.00
2018.03.22 10:16:47.529,1.06704,1.0672,1.37,1.00
2018.03.22 10:16:47.786,1.06703,1.06719,1.87,1.00
2018.03.22 10:16:48.111,1.06703,1.06721,1.12,1.00
2018.03.22 10:16:48.625,1.06703,1.06721,1.87,1.00
2018.03.22 10:16:49.128,1.06703,1.0672,1.87,1.00
2018.03.22 10:16:49.694,1.06703,1.0672,1.12,1.00
2018.03.22 10:16:51.428,1.06704,1.0672,1.00,1.00
2018.03.22 10:16:51.953,1.06703,1.0672,1.25,1.00
2018.03.22 10:16:52.261,1.06702,1.06718,1.19,1.00
2018.03.22 10:16:52.363,1.067,1.06719,1.50,1.00
2018.03.22 10:16:52.569,1.06704,1.06719,1.25,1.00
2018.03.22 10:16:52.621,1.067,1.06719,1.69,1.00
2018.03.22 10:16:52.723,1.06699,1.0672,1.50,1.00
2018.03.22 10:16:52.902,1.06703,1.06721,1.19,1.00
2018.03.22 10:16:53.056,1.067,1.06719,1.25,1.00
2018.03.22 10:16:53.109,1.06697,1.06721,2.44,1.00
2018.03.22 10:16:53.161,1.06701,1.06721,1.00,1.50
2018.03.22 10:16:53.623,1.06701,1.0672,1.19,1.00
2018.03.22 10:16:54.130,1.06704,1.0672,1.00,1.00
2018.03.22 10:16:56.693,1.06702,1.06719,1.00,1.00
2018.03.22 10:16:56.899,1.06704,1.06718,1.00,1.00
2018.03.22 10:16:56.950,1.06702,1.06718,1.00,1.00
2018.03.22 10:16:57.001,1.06698,1.06715,1.00,1.00
2018.03.22 10:16:57.052,1.06698,1.06717,1.00,1.00
2018.03.22 10:16:57.154,1.06698,1.06714,1.00,1.00
2018.03.22 10:16:57.370,1.06698,1.06718,1.50,1.00
2018.03.22 10:16:57.421,1.06696,1.06717,2.44,1.00
2018.03.22 10:16:57.933,1.06696,1.06716,1.00,1.00
2018.03.22 10:16:58.431,1.06696,1.06718,1.25,1.00
2018.03.22 10:16:58.544,1.06695,1.0672,3.00,2.25
2018.03.22 10:16:59.134,1.06695,1.0672,1.12,1.00
2018.03.22 10:16:59.693,1.06695,1.0672,2.06,1.00
2018.03.22 10:17:00.487,1.06697,1.0672,1.00,1.00
2018.03.22 10:17:01.002,1.06697,1.06721,1.19,2.25
2018.03.22 10:17:01.147,1.06695,1.06717,1.87,1.00
2018.03.22 10:17:01.374,1.06694,1.06718,3.19,1.50
2018.03.22 10:17:01.477,1.06695,1.06714,1.25,1.00
2018.03.22 10:17:01.990,1.06695,1.06717,1.00,1.50
2018.03.22 10:17:02.880,1.06694,1.06716,1.25,1.37
2018.03.22 10:17:04.038,1.06693,1.06716,1.69,1.37
2018.03.22 10:17:05.372,1.06694,1.06714,1.25,1.50
2018.03.22 10:17:05.928,1.06694,1.06713,1.00,1.00
2018.03.22 10:17:06.432,1.06694,1.06714,1.25,1.50
2018.03.22 10:17:07.045,1.06694,1.06716,1.00,1.37
2018.03.22 10:17:07.198,1.06693,1.06717,1.69,1.00
2018.03.22 10:17:07.452,1.06694,1.06715,1.25,1.00
2018.03.22 10:17:08.000,1.06693,1.06715,1.19,1.00
2018.03.22 10:17:08.549,1.06693,1.06714,1.19,1.00
2018.03.22 10:17:09.056,1.06694,1.06713,1.25,1.00
2018.03.22 10:17:10.784,1.06694,1.06713,1.19,1.50
2018.03.22 10:17:10.945,1.06694,1.06716,1.19,1.50
2018.03.22 10:17:11.048,1.06694,1.06717,1.25,1.50
2018.03.22 10:17:11.942,1.06693,1.06717,1.19,1.00
2018.03.22 10:17:12.458,1.06693,1.06717,1.69,1.00
2018.03.22 10:17:13.492,1.06693,1.06716,1.19,1.00
2018.03.22 10:17:13.597,1.06693,1.06714,1.69,1.50
2018.03.22 10:17:13.929,1.06694,1.06708,1.25,1.00
2018.03.22 10:17:14.579,1.06692,1.06708,1.19,1.00
2018.03.22 10:17:15.201,1.06692,1.06709,1.19,1.00
2018.03.22 10:17:16.374,1.06692,1.06708,1.19,1.00
2018.03.22 10:17:17.252,1.06694,1.06712,1.25,1.00
2018.03.22 10:17:17.733,1.06694,1.06714,1.00,1.12
2018.03.22 10:17:18.746,1.06693,1.06715,1.19,1.50
2018.03.22 10:17:20.007,1.06693,1.06714,1.19,2.25
2018.03.22 10:17:20.268,1.06693,1.06715,1.19,1.00
2018.03.22 10:17:20.320,1.06693,1.06713,1.19,1.00
2018.03.22 10:17:20.618,1.06692,1.06713,1.25,1.12
2018.03.22 10:17:20.774,1.0669,1.06711,1.19,1.50
2018.03.22 10:17:21.289,1.06692,1.0671,1.25,1.00
2018.03.22 10:17:23.181,1.06692,1.06711,1.25,1.50
2018.03.22 10:17:23.438,1.06693,1.06715,1.19,1.00
2018.03.22 10:17:24.043,1.06693,1.06715,1.31,1.00
2018.03.22 10:17:26.143,1.06693,1.06716,2.44,1.00
2018.03.22 10:17:26.918,1.06693,1.06716,1.19,1.50
2018.03.22 10:17:29.398,1.06694,1.06716,1.25,3.37
2018.03.22 10:17:30.949,1.06694,1.06716,1.37,2.62
2018.03.22 10:17:31.586,1.06694,1.06714,1.37,1.00
2018.03.22 10:17:32.202,1.06694,1.06715,1.12,1.00
2018.03.22 10:17:33.374,1.06694,1.06716,1.12,2.62
2018.03.22 10:17:35.172,1.06694,1.06715,1.12,1.00
2018.03.22 10:17:35.953,1.06694,1.06715,1.37,1.00
2018.03.22 10:17:36.484,1.06694,1.06714,1.12,1.00
2018.03.22 10:17:37.446,1.06694,1.06714,1.37,1.00
2018.03.22 10:17:38.223,1.06694,1.06714,1.25,1.00
2018.03.22 10:17:38.848,1.06694,1.06715,1.25,1.00
2018.03.22 10:17:39.849,1.06694,1.06715,1.25,2.25
2018.03.22 10:17:40.108,1.06693,1.06716,1.19,3.75
2018.03.22 10:17:40.160,1.06693,1.06711,1.19,1.00
2018.03.22 10:17:40.503,1.06694,1.06708,1.25,1.00
2018.03.22 10:17:40.812,1.06694,1.06706,1.25,1.00
2018.03.22 10:17:41.448,1.06693,1.06706,1.00,1.00
2018.03.22 10:17:41.552,1.06691,1.06706,1.25,1.00
2018.03.22 10:17:42.094,1.0669,1.06706,1.25,1.00
2018.03.22 10:17:43.635,1.0669,1.06706,1.19,1.00
2018.03.22 10:17:44.192,1.0669,1.06706,1.25,1.00
2018.03.22 10:17:44.346,1.06692,1.06706,1.25,1.00
2018.03.22 10:17:44.860,1.06691,1.06706,1.00,1.00
2018.03.22 10:17:46.686,1.06691,1.06703,1.25,1.00
2018.03.22 10:17:50.049,1.06689,1.06703,1.37,1.00
2018.03.22 10:17:50.100,1.06688,1.06703,1.12,1.00
2018.03.22 10:17:50.151,1.06683,1.06703,3.00,1.00
2018.03.22 10:17:50.929,1.06683,1.06703,3.00,1.00
2018.03.22 10:17:52.444,1.06683,1.06704,2.25,1.00
2018.03.22 10:17:52.761,1.06683,1.06702,1.00,1.00
2018.03.22 10:17:53.462,1.06682,1.06702,1.12,1.00
2018.03.22 10:17:53.615,1.0668,1.06702,2.06,1.50
2018.03.22 10:17:54.156,1.0668,1.06702,2.44,1.50
2018.03.22 10:17:56.672,1.06681,1.06702,2.06,1.00
2018.03.22 10:17:58.237,1.06681,1.06702,1.00,1.00
2018.03.22 10:17:58.749,1.06682,1.06702,1.00,1.00
2018.03.22 10:18:00.119,1.06681,1.06702,2.44,1.00
2018.03.22 10:18:03.609,1.06683,1.06701,1.50,1.00
2018.03.22 10:18:03.661,1.06684,1.06704,1.00,1.00
2018.03.22 10:18:05.421,1.06683,1.06704,2.44,1.00
2018.03.22 10:18:05.943,1.06684,1.06704,1.00,1.00
2018.03.22 10:18:08.842,1.06683,1.06704,2.44,1.00
2018.03.22 10:18:09.300,1.06683,1.06702,1.50,1.00
2018.03.22 10:18:09.831,1.06684,1.06702,1.00,1.00
2018.03.22 10:18:12.912,1.06684,1.06702,1.44,1.00
2018.03.22 10:18:13.070,1.06684,1.06704,1.00,1.00
2018.03.22 10:18:13.615,1.06683,1.06704,3.19,1.00
2018.03.22 10:18:13.718,1.06683,1.06704,3.37,1.00
2018.03.22 10:18:14.444,1.06684,1.06704,1.12,1.00
2018.03.22 10:18:14.983,1.06685,1.06704,1.00,1.50
2018.03.22 10:18:15.600,1.06686,1.06704,1.00,1.50
2018.03.22 10:18:16.181,1.06685,1.06704,1.00,1.50
2018.03.22 10:18:17.008,1.06686,1.06704,1.00,1.50
2018.03.22 10:18:19.595,1.06685,1.06704,1.00,1.50
2018.03.22 10:18:20.250,1.06686,1.06704,1.00,1.50
2018.03.22 10:18:21.621,1.06685,1.06704,1.00,1.50
2018.03.22 10:18:22.234,1.06686,1.06704,1.00,1.50
2018.03.22 10:18:23.260,1.06686,1.06702,1.00,1.00
2018.03.22 10:18:23.765,1.06686,1.06703,1.00,1.00
2018.03.22 10:18:24.268,1.06685,1.06703,1.50,1.00
2018.03.22 10:18:25.222,1.06686,1.06703,1.00,1.00
2018.03.22 10:18:26.014,1.06685,1.06703,1.50,1.00
2018.03.22 10:18:26.516,1.06681,1.06703,2.81,1.00
2018.03.22 10:18:37.412,1.06682,1.06704,1.87,1.00
2018.03.22 10:18:38.198,1.06681,1.06703,2.62,1.00
2018.03.22 10:18:40.795,1.06681,1.06703,2.25,1.00
2018.03.22 10:18:41.185,1.06682,1.06704,1.87,1.00
2018.03.22 10:18:41.237,1.06681,1.06704,4.50,1.00
2018.03.22 10:18:41.417,1.06686,1.06704,1.50,1.00
2018.03.22 10:18:41.520,1.06688,1.06706,1.00,1.00
2018.03.22 10:18:41.572,1.06683,1.06704,1.00,1.00
2018.03.22 10:18:41.624,1.06681,1.06701,2.25,1.00
2018.03.22 10:18:41.831,1.06678,1.067,1.37,1.00
2018.03.22 10:18:42.036,1.0668,1.06701,1.37,1.00
2018.03.22 10:18:42.340,1.06681,1.06701,1.37,1.50
2018.03.22 10:18:42.549,1.06679,1.06699,1.12,1.00
2018.03.22 10:18:42.957,1.06677,1.06699,2.44,1.00
2018.03.22 10:18:43.162,1.06677,1.06699,2.62,1.00
2018.03.22 10:18:44.016,1.06677,1.06699,2.44,1.00
2018.03.22 10:18:44.597,1.06677,1.06699,2.62,1.00
2018.03.22 10:18:45.362,1.06677,1.06699,1.69,1.00
2018.03.22 10:18:45.680,1.06676,1.06697,1.69,1.50
2018.03.22 10:18:46.247,1.06677,1.06697,1.31,1.00
2018.03.22 10:18:47.532,1.06676,1.06697,1.00,1.00
2018.03.22 10:18:47.939,1.06673,1.06698,1.50,1.87
2018.03.22 10:18:48.040,1.06673,1.06698,1.94,1.87
2018.03.22 10:18:48.426,1.06673,1.06698,1.69,1.87
2018.03.22 10:18:49.019,1.06674,1.06698,2.06,1.87
2018.03.22 10:18:49.121,1.06677,1.06698,1.00,1.50
2018.03.22 10:18:49.697,1.06677,1.06698,1.44,1.50
2018.03.22 10:18:51.531,1.06677,1.06699,1.50,1.50
2018.03.22 10:18:53.065,1.06674,1.06696,1.00,1.00
2018.03.22 10:18:53.117,1.06673,1.06694,2.25,1.12
2018.03.22 10:18:53.441,1.06672,1.06691,1.50,1.00
2018.03.22 10:18:53.698,1.0667,1.06691,1.25,1.00
2018.03.22 10:18:54.213,1.06669,1.06691,1.56,1.00
2018.03.22 10:18:54.729,1.06669,1.06691,1.19,1.00
2018.03.22 10:18:54.831,1.06667,1.0669,2.44,1.00
2018.03.22 10:18:55.372,1.06667,1.0669,3.94,1.00
2018.03.22 10:18:55.926,1.06668,1.06691,2.06,1.00
2018.03.22 10:18:56.527,1.06669,1.06689,1.31,1.00
2018.03.22 10:18:57.574,1.06669,1.0669,1.87,1.00
2018.03.22 10:18:58.122,1.06669,1.0669,1.25,1.00
2018.03.22 10:18:58.438,1.06667,1.06688,1.69,1.00
2018.03.22 10:18:58.643,1.06666,1.06688,2.62,1.00
2018.03.22 10:18:58.745,1.06666,1.06688,2.81,1.00
2018.03.22 10:18:59.001,1.06669,1.06691,1.12,1.00
2018.03.22 10:18:59.155,1.06669,1.06689,1.31,1.00
2018.03.22 10:18:59.257,1.06669,1.06689,1.00,1.00
2018.03.22 10:18:59.760,1.0667,1.06689,1.00,1.00
2018.03.22 10:19:00.362,1.06669,1.06688,1.25,1.00
2018.03.22 10:19:01.028,1.06668,1.06687,1.31,1.00
2018.03.22 10:19:01.182,1.06668,1.06685,1.00,1.00
2018.03.22 10:19:01.234,1.06669,1.06691,1.00,1.00
2018.03.22 10:19:01.337,1.06672,1.06689,1.00,1.00
2018.03.22 10:19:01.436,1.06671,1.06692,1.25,1.00
2018.03.22 10:19:01.962,1.06669,1.06691,2.44,1.12
2018.03.22 10:19:02.500,1.06669,1.06691,2.44,1.12
2018.03.22 10:19:02.734,1.0667,1.06689,1.44,1.00
2018.03.22 10:19:02.887,1.0667,1.06691,1.87,1.00
2018.03.22 10:19:03.091,1.06674,1.06695,1.00,1.00
2018.03.22 10:19:03.608,1.06675,1.06695,1.31,1.00
2018.03.22 10:19:05.482,1.06674,1.06695,1.00,1.00
2018.03.22 10:19:05.635,1.06673,1.06694,1.00,1.75
2018.03.22 10:19:06.381,1.06674,1.06693,1.00,1.00
2018.03.22 10:19:06.954,1.06674,1.06694,1.00,1.00
2018.03.22 10:19:08.144,1.06674,1.06696,1.00,1.00
2018.03.22 10:19:08.870,1.06674,1.06695,1.00,1.00
2018.03.22 10:19:09.004,1.06672,1.06693,1.12,1.00
2018.03.22 10:19:09.310,1.06671,1.06691,1.00,1.00
2018.03.22 10:19:11.718,1.06669,1.06691,3.75,1.00
2018.03.22 10:19:12.314,1.06669,1.06691,3.94,1.00
2018.03.22 10:19:12.835,1.06669,1.06691,2.25,1.00
2018.03.22 10:19:12.938,1.06669,1.06689,1.00,1.00
2018.03.22 10:19:13.968,1.06668,1.06689,2.06,1.00
2018.03.22 10:19:14.881,1.06669,1.06689,1.00,1.00
2018.03.22 10:19:16.794,1.06673,1.06689,1.12,1.00
2018.03.22 10:19:16.912,1.06672,1.06692,1.12,1.00
2018.03.22 10:19:16.963,1.06675,1.06693,1.87,1.00
2018.03.22 10:19:17.603,1.06676,1.06694,1.12,1.00
2018.03.22 10:19:17.770,1.06675,1.06697,3.37,1.50
2018.03.22 10:19:17.939,1.06678,1.06699,1.75,1.00
2018.03.22 10:19:18.093,1.06679,1.06699,2.62,1.00
2018.03.22 10:19:18.299,1.06682,1.06701,1.37,1.00
2018.03.22 10:19:21.412,1.06682,1.067,1.00,1.00
2018.03.22 10:19:21.553,1.06683,1.06703,1.31,1.00
2018.03.22 10:19:21.604,1.06687,1.06705,1.12,1.00
2018.03.22 10:19:21.656,1.06689,1.06705,1.12,1.00
2018.03.22 10:19:22.036,1.06695,1.06706,1.12,1.00
2018.03.22 10:19:22.087,1.06695,1.06712,1.12,1.00
2018.03.22 10:19:22.347,1.06697,1.06709,1.87,1.00
2018.03.22 10:19:22.399,1.06699,1.06711,1.37,1.00
2018.03.22 10:19:22.450,1.06699,1.06711,1.12,1.00
2018.03.22 10:19:22.794,1.06705,1.06714,1.12,1.00
2018.03.22 10:19:23.149,1.06705,1.06717,1.12,1.00
2018.03.22 10:19:23.200,1.06704,1.06724,1.12,1.37
2018.03.22 10:19:23.427,1.06705,1.06724,1.12,1.00
2018.03.22 10:19:23.478,1.06703,1.06723,1.37,1.00
2018.03.22 10:19:23.682,1.06702,1.06722,2.25,1.00
2018.03.22 10:19:25.746,1.06702,1.06721,2.25,1.00
2018.03.22 10:19:28.332,1.06699,1.06721,1.87,1.00
2018.03.22 10:19:31.988,1.067,1.06722,1.00,1.00
2018.03.22 10:19:32.039,1.06702,1.06723,1.12,1.00
2018.03.22 10:19:32.347,1.06709,1.06729,1.00,1.00
2018.03.22 10:19:34.139,1.06706,1.06729,2.25,1.00
2018.03.22 10:19:34.292,1.06705,1.06729,2.00,1.00
2018.03.22 10:19:34.625,1.06709,1.06729,1.31,1.00
2018.03.22 10:19:34.676,1.06708,1.06731,2.06,1.50
2018.03.22 10:19:35.207,1.06712,1.06732,1.62,1.00
2018.03.22 10:19:35.258,1.06713,1.06732,1.12,1.00
2018.03.22 10:19:37.442,1.06713,1.06734,1.12,1.00
2018.03.22 10:19:38.075,1.06711,1.06734,1.50,1.00
2018.03.22 10:19:38.216,1.06711,1.06734,1.75,1.00
2018.03.22 10:19:41.333,1.06711,1.06734,1.81,1.00
2018.03.22 10:19:41.638,1.06712,1.06733,1.12,1.00
2018.03.22 10:19:41.805,1.06709,1.06733,3.00,1.00
2018.03.22 10:19:42.529,1.0671,1.06733,1.87,1.00
2018.03.22 10:19:43.639,1.0671,1.06733,1.12,1.00
2018.03.22 10:19:44.656,1.0671,1.06733,3.56,1.00
2018.03.22 10:19:45.852,1.06711,1.06733,2.81,1.00
2018.03.22 10:19:46.194,1.06713,1.06734,1.37,1.00
2018.03.22 10:19:46.843,1.06713,1.06736,1.50,1.00
2018.03.22 10:19:48.197,1.06712,1.06733,1.00,1.00
2018.03.22 10:19:48.382,1.06708,1.06732,1.31,1.12
2018.03.22 10:19:48.434,1.06709,1.06732,1.37,1.00
2018.03.22 10:19:59.480,1.06708,1.06731,2.62,1.00
2018.03.22 10:19:59.608,1.06708,1.06729,1.12,1.00
2018.03.22 10:19:59.915,1.06705,1.06725,1.50,1.00
2018.03.22 10:20:00.343,1.06705,1.06728,1.87,1.00
2018.03.22 10:20:00.648,1.06703,1.06725,1.87,1.00
2018.03.22 10:20:00.700,1.06703,1.06723,1.50,1.00
2018.03.22 10:20:00.752,1.06701,1.06723,1.12,1.37
2018.03.22 10:20:00.810,1.06701,1.0672,1.12,1.00
2018.03.22 10:20:01.337,1.06701,1.06721,1.00,1.00
2018.03.22 10:20:01.652,1.06705,1.06726,2.62,1.00
2018.03.22 10:20:01.754,1.06707,1.06728,1.00,1.00
2018.03.22 10:20:02.260,1.06707,1.06728,1.50,1.00
2018.03.22 10:20:02.448,1.06707,1.0673,1.69,1.00
2018.03.22 10:20:02.960,1.06709,1.06729,1.00,1.00
2018.03.22 10:20:03.266,1.06707,1.06729,1.00,1.00
2018.03.22 10:20:03.806,1.06706,1.06729,2.06,1.00
2018.03.22 10:20:05.384,1.06707,1.06729,1.56,1.00
2018.03.22 10:20:08.103,1.06705,1.06727,1.12,1.00
2018.03.22 10:20:08.463,1.06704,1.06723,1.00,1.00
2018.03.22 10:20:10.907,1.06706,1.06723,1.00,1.00
2018.03.22 10:20:11.116,1.06703,1.06723,1.44,1.00
2018.03.22 10:20:11.270,1.06704,1.06725,1.00,1.00
2018.03.22 10:20:12.633,1.06705,1.06725,1.31,1.00
2018.03.22 10:20:13.139,1.06706,1.06726,1.25,1.00
2018.03.22 10:20:13.919,1.06704,1.06726,1.50,1.00
2018.03.22 10:20:13.970,1.06704,1.06726,1.00,1.75
2018.03.22 10:20:14.074,1.06703,1.06726,2.06,1.00
2018.03.22 10:20:14.126,1.06708,1.06726,1.50,1.00
2018.03.22 10:20:14.285,1.06707,1.06725,1.00,1.12
2018.03.22 10:20:14.388,1.06704,1.06724,1.00,1.00
2018.03.22 10:20:15.023,1.06704,1.06723,1.00,1.00
2018.03.22 10:20:15.583,1.06701,1.06723,1.44,1.00
2018.03.22 10:20:16.086,1.06703,1.06723,1.50,1.00
2018.03.22 10:20:18.441,1.067,1.06723,3.56,1.00
2018.03.22 10:20:20.137,1.06702,1.06724,1.69,1.00
2018.03.22 10:20:20.685,1.06702,1.06724,2.62,1.00
2018.03.22 10:20:20.737,1.06705,1.06726,1.31,1.00
2018.03.22 10:20:20.789,1.06705,1.06728,1.69,1.00
2018.03.22 10:20:21.628,1.06709,1.06728,1.00,1.00
2018.03.22 10:20:21.921,1.06709,1.0673,1.00,1.00
2018.03.22 10:20:21.976,1.06709,1.06728,1.00,1.00
2018.03.22 10:20:23.302,1.06708,1.06729,1.00,1.00
2018.03.22 10:20:23.959,1.06706,1.06729,2.44,1.00
2018.03.22 10:20:24.424,1.06705,1.06728,1.87,1.00
2018.03.22 10:20:24.997,1.06705,1.06728,2.62,1.00
2018.03.22 10:20:27.787,1.06709,1.06729,1.87,1.00
2018.03.22 10:20:27.838,1.06709,1.06731,1.87,1.00
2018.03.22 10:20:28.043,1.06711,1.06733,1.87,1.00
2018.03.22 10:20:30.864,1.06711,1.06732,1.12,1.00
2018.03.22 10:20:31.072,1.06711,1.06732,2.25,1.00
2018.03.22 10:20:31.242,1.06711,1.06733,1.69,1.00
2018.03.22 10:20:31.345,1.06711,1.0673,1.00,1.00
2018.03.22 10:20:31.699,1.06709,1.06729,1.00,1.37
2018.03.22 10:20:32.355,1.0671,1.06727,1.00,1.00
2018.03.22 10:20:32.741,1.06707,1.06727,1.31,1.00
2018.03.22 10:20:33.226,1.06705,1.06727,2.81,1.00
2018.03.22 10:20:33.812,1.06706,1.06728,1.00,1.00
2018.03.22 10:20:33.863,1.06705,1.06726,1.25,1.00
2018.03.22 10:20:34.442,1.06705,1.06727,1.00,1.00
2018.03.22 10:20:35.316,1.06705,1.06725,1.12,1.00
2018.03.22 10:20:35.823,1.06704,1.06725,1.00,1.00
2018.03.22 10:20:37.299,1.06703,1.06725,1.12,1.00
2018.03.22 10:20:39.159,1.06701,1.06723,1.62,1.00
2018.03.22 10:20:40.228,1.06701,1.06723,1.25,1.00
2018.03.22 10:20:40.723,1.06703,1.06723,1.00,1.00
2018.03.22 10:20:41.221,1.06702,1.06726,1.00,1.12
2018.03.22 10:20:41.477,1.06702,1.06726,1.00,1.50
2018.03.22 10:20:42.069,1.06702,1.06726,1.12,1.12
2018.03.22 10:20:43.122,1.06701,1.06725,1.87,1.00
2018.03.22 10:20:43.224,1.06701,1.06724,1.00,1.50
2018.03.22 10:20:43.528,1.06701,1.06725,1.87,1.00
2018.03.22 10:20:44.035,1.06702,1.06726,1.12,1.12
2018.03.22 10:20:45.052,1.06701,1.06724,2.25,1.12
2018.03.22 10:20:45.852,1.06701,1.06725,1.25,1.12
2018.03.22 10:20:47.564,1.06701,1.06725,1.50,1.37
2018.03.22 10:20:49.201,1.06701,1.06725,1.00,1.12
2018.03.22 10:20:49.727,1.06701,1.06725,1.37,1.00
2018.03.22 10:20:50.906,1.06702,1.06725,1.37,1.00
2018.03.22 10:20:52.498,1.06701,1.06725,1.00,1.12
2018.03.22 10:20:52.551,1.06701,1.06723,1.00,1.00
2018.03.22 10:20:53.067,1.06701,1.06724,1.00,1.00
2018.03.22 10:20:53.609,1.06701,1.06724,1.87,1.00
2018.03.22 10:20:54.244,1.06701,1.06725,1.50,1.37
2018.03.22 10:20:54.697,1.067,1.06721,2.25,1.00
2018.03.22 10:20:54.875,1.06698,1.06721,1.12,1.12
2018.03.22 10:20:55.393,1.06699,1.06722,1.00,1.50
2018.03.22 10:20:55.861,1.06699,1.06722,1.00,1.12
2018.03.22 10:20:56.536,1.067,1.06722,1.00,1.12
2018.03.22 10:20:57.061,1.06699,1.06721,1.50,1.00
2018.03.22 10:20:57.577,1.06698,1.06721,1.50,1.12
2018.03.22 10:20:58.094,1.06699,1.06721,1.00,1.00
2018.03.22 10:20:58.392,1.06699,1.06719,1.00,1.00
2018.03.22 10:21:00.165,1.06697,1.06718,1.00,1.50
2018.03.22 10:21:00.269,1.06691,1.06716,3.75,1.87
2018.03.22 10:21:00.527,1.06694,1.06718,1.12,1.00
2018.03.22 10:21:01.775,1.06693,1.06718,1.12,1.12
2018.03.22 10:21:02.328,1.06693,1.06717,1.12,1.00
2018.03.22 10:21:04.925,1.06693,1.06715,1.12,1.00
2018.03.22 10:21:05.476,1.06692,1.06716,3.00,1.00
2018.03.22 10:21:06.775,1.06692,1.06716,1.87,1.00
2018.03.22 10:21:07.610,1.06693,1.06716,1.75,1.00
2018.03.22 10:21:07.662,1.06693,1.06718,1.75,1.00
2018.03.22 10:21:08.750,1.06696,1.06718,1.87,1.00
2018.03.22 10:21:08.853,1.06696,1.0672,1.87,1.12
2018.03.22 10:21:12.457,1.06697,1.06719,1.12,1.00
2018.03.22 10:21:12.663,1.06696,1.06716,1.00,1.00
2018.03.22 10:21:13.198,1.06696,1.06717,1.12,1.00
2018.03.22 10:21:13.351,1.06696,1.06719,1.12,1.00
2018.03.22 10:21:14.542,1.06696,1.06719,1.00,1.37
2018.03.22 10:21:15.124,1.06696,1.06719,1.00,1.12
2018.03.22 10:21:15.329,1.06697,1.06721,1.62,1.00
2018.03.22 10:21:15.845,1.06698,1.06722,1.87,1.00
2018.03.22 10:21:22.340,1.06697,1.06722,2.25,1.50
2018.03.22 10:21:22.444,1.06697,1.0672,1.87,1.00
2018.03.22 10:21:22.914,1.06697,1.06719,1.00,1.37
2018.03.22 10:21:22.969,1.06694,1.06719,2.81,1.87
2018.03.22 10:21:23.225,1.06694,1.06716,1.50,1.00
2018.03.22 10:21:23.277,1.06694,1.06715,1.00,1.00
2018.03.22 10:21:23.468,1.06692,1.06717,2.25,1.00
2018.03.22 10:21:23.931,1.06695,1.06718,1.37,1.00
2018.03.22 10:21:24.194,1.06692,1.06717,2.06,1.00
2018.03.22 10:21:24.245,1.06691,1.06713,4.12,1.00
2018.03.22 10:21:24.812,1.06689,1.06714,1.81,1.00
2018.03.22 10:21:25.414,1.06689,1.06714,2.81,1.12
2018.03.22 10:21:27.152,1.06691,1.06714,3.19,1.00
2018.03.22 10:21:28.276,1.06691,1.06714,3.19,1.00
2018.03.22 10:21:28.617,1.06693,1.06716,1.37,1.00
2018.03.22 10:21:28.945,1.06695,1.06718,1.12,1.00
2018.03.22 10:21:29.514,1.06695,1.06718,1.00,1.00
2018.03.22 10:21:30.190,1.06695,1.06719,2.25,1.00
2018.03.22 10:21:30.779,1.06695,1.06721,2.62,1.50
2018.03.22 10:21:31.379,1.06695,1.06721,3.94,1.69
2018.03.22 10:21:31.915,1.06695,1.0672,2.25,2.62
2018.03.22 10:21:32.017,1.06697,1.0672,1.00,1.87
2018.03.22 10:21:32.239,1.06696,1.0672,1.62,1.00
2018.03.22 10:21:32.780,1.06697,1.06723,1.87,2.44
2018.03.22 10:21:33.247,1.06699,1.06723,1.00,2.25
2018.03.22 10:21:35.562,1.06698,1.06723,1.00,1.69
2018.03.22 10:21:36.564,1.06699,1.06723,1.00,3.00
2018.03.22 10:21:40.161,1.06697,1.06722,2.06,1.62
2018.03.22 10:21:40.776,1.06697,1.06722,1.12,1.37
2018.03.22 10:21:43.973,1.06696,1.06722,2.44,2.62
2018.03.22 10:21:45.012,1.06697,1.06722,1.31,1.87
2018.03.22 10:21:46.712,1.06697,1.06722,2.06,1.37
2018.03.22 10:21:47.442,1.067,1.06725,1.12,1.50
2018.03.22 10:21:47.753,1.06702,1.06726,1.00,1.75
2018.03.22 10:21:48.814,1.06702,1.06726,1.00,1.12
2018.03.22 10:21:50.203,1.067,1.06726,3.37,1.12
2018.03.22 10:21:51.351,1.06702,1.06727,1.00,1.37
2018.03.22 10:21:51.697,1.06702,1.06727,1.00,1.75
2018.03.22 10:21:52.471,1.067,1.06727,2.25,2.00
2018.03.22 10:21:52.851,1.06699,1.06726,4.87,1.12
2018.03.22 10:21:53.922,1.06701,1.06727,1.31,1.37
2018.03.22 10:21:54.546,1.06701,1.06727,2.06,1.37
2018.03.22 10:21:55.108,1.06701,1.06727,2.25,1.12
2018.03.22 10:21:55.927,1.06701,1.06726,1.37,1.00
2018.03.22 10:21:56.265,1.067,1.06726,2.62,1.31
2018.03.22 10:21:57.085,1.067,1.06727,1.00,4.50
2018.03.22 10:21:57.836,1.06699,1.06725,1.00,1.37
2018.03.22 10:21:58.147,1.06699,1.06724,1.00,1.69
2018.03.22 10:21:58.652,1.067,1.06724,1.50,1.69
2018.03.22 10:21:59.240,1.067,1.06724,1.00,1.37
2018.03.22 10:21:59.759,1.067,1.06724,1.00,1.37
2018.03.22 10:22:04.560,1.067,1.06725,1.87,2.06
2018.03.22 10:22:06.815,1.06701,1.06724,1.00,1.25
2018.03.22 10:22:07.372,1.067,1.06724,1.50,1.00
2018.03.22 10:22:10.333,1.067,1.06725,1.50,2.81
2018.03.22 10:22:12.013,1.067,1.06725,1.50,3.00
2018.03.22 10:22:13.836,1.06698,1.06725,1.87,2.44
2018.03.22 10:22:14.353,1.06698,1.06725,1.50,2.62
2018.03.22 10:22:14.756,1.06697,1.06723,3.37,1.62
2018.03.22 10:22:15.304,1.06696,1.06722,4.12,1.75
2018.03.22 10:22:18.258,1.06697,1.06722,2.06,1.62
2018.03.22 10:22:18.867,1.06698,1.06723,1.00,3.00
2018.03.22 10:22:20.512,1.06698,1.06723,1.00,2.62
2018.03.22 10:22:23.323,1.06697,1.06721,1.00,1.00
2018.03.22 10:22:23.629,1.06694,1.06718,1.31,1.12
2018.03.22 10:22:25.417,1.06694,1.06717,1.00,1.69
2018.03.22 10:22:27.443,1.06694,1.06714,1.00,1.00
2018.03.22 10:22:27.697,1.0669,1.06714,1.50,1.25
2018.03.22 10:22:27.799,1.06693,1.06715,1.50,1.31
2018.03.22 10:22:28.341,1.06692,1.06716,1.50,1.12
2018.03.22 10:22:28.646,1.06695,1.06719,1.50,2.44
2018.03.22 10:22:28.965,1.06697,1.06719,1.00,1.00
2018.03.22 10:22:30.100,1.06697,1.0672,1.00,1.31
2018.03.22 10:22:31.572,1.06697,1.0672,1.25,1.69
2018.03.22 10:22:33.519,1.06697,1.06718,1.00,1.00
2018.03.22 10:22:34.108,1.06694,1.06716,1.50,1.00
2018.03.22 10:22:34.379,1.06691,1.06716,1.50,1.37
2018.03.22 10:22:35.662,1.06691,1.06716,1.31,1.69
2018.03.22 10:22:35.764,1.06691,1.06716,1.62,1.31
2018.03.22 10:22:35.915,1.0669,1.06715,2.25,1.75
2018.03.22 10:22:36.018,1.06691,1.06716,1.37,1.12
2018.03.22 10:22:36.680,1.06693,1.06716,1.00,1.12
2018.03.22 10:22:37.226,1.06693,1.06716,1.00,2.06
2018.03.22 10:22:37.381,1.0669,1.06716,1.00,3.37
2018.03.22 10:22:37.537,1.0669,1.06713,1.50,1.00
2018.03.22 10:22:38.063,1.0669,1.06714,1.87,1.00
2018.03.22 10:22:38.569,1.0669,1.06715,1.31,1.12
2018.03.22 10:22:38.622,1.0669,1.06715,1.25,1.87
2018.03.22 10:22:39.133,1.0669,1.06714,1.69,1.00
2018.03.22 10:22:39.845,1.0669,1.06715,1.87,1.50
2018.03.22 10:22:40.331,1.0669,1.06716,1.25,2.44
2018.03.22 10:22:40.843,1.06688,1.06715,3.37,1.50
2018.03.22 10:22:40.967,1.06688,1.06713,2.81,1.37
2018.03.22 10:22:41.612,1.06688,1.06713,2.62,1.00
2018.03.22 10:22:42.126,1.06688,1.06713,3.00,1.12
2018.03.22 10:22:42.772,1.06688,1.06713,3.00,1.37
2018.03.22 10:22:46.119,1.06688,1.06713,1.44,1.50
2018.03.22 10:22:48.117,1.06687,1.06713,2.81,1.50
2018.03.22 10:22:48.860,1.06687,1.06712,1.87,1.12
2018.03.22 10:22:49.213,1.06687,1.06713,1.81,1.50
2018.03.22 10:22:51.269,1.06689,1.06713,1.50,1.12
2018.03.22 10:22:52.180,1.06689,1.06713,1.31,1.12
2018.03.22 10:22:52.755,1.06689,1.06713,1.12,1.75
2018.03.22 10:22:52.990,1.06689,1.06715,2.62,2.25
2018.03.22 10:22:53.406,1.06694,1.06715,1.00,2.25
2018.03.22 10:22:53.896,1.0669,1.06715,1.25,1.50
2018.03.22 10:22:54.462,1.06689,1.06715,2.44,2.25
2018.03.22 10:22:54.513,1.06689,1.06715,2.25,2.25
2018.03.22 10:22:55.209,1.06689,1.06714,1.50,1.75
2018.03.22 10:22:55.714,1.06689,1.06714,2.25,1.75
2018.03.22 10:22:56.296,1.06689,1.06714,2.25,1.75
2018.03.22 10:22:57.958,1.06689,1.06713,1.31,1.75
2018.03.22 10:23:02.210,1.06689,1.06713,1.00,1.75
2018.03.22 10:23:03.315,1.0669,1.06712,1.00,1.50
2018.03.22 10:23:04.052,1.0669,1.06714,1.19,1.75
2018.03.22 10:23:04.555,1.0669,1.06714,1.00,1.75
2018.03.22 10:23:05.091,1.0669,1.06714,1.25,3.00
2018.03.22 10:23:06.538,1.0669,1.06714,1.25,1.37
2018.03.22 10:23:10.756,1.0669,1.06712,1.00,1.00
2018.03.22 10:23:23.510,1.06688,1.06714,1.69,2.25
2018.03.22 10:23:24.024,1.06687,1.06713,3.19,1.50
2018.03.22 10:23:24.161,1.06691,1.06715,1.12,1.12
2018.03.22 10:23:24.468,1.0669,1.06713,1.87,1.12
2018.03.22 10:23:25.084,1.0669,1.06715,2.44,1.69
2018.03.22 10:23:25.595,1.0669,1.06716,2.44,1.50
2018.03.22 10:23:26.166,1.0669,1.06716,2.44,1.37
2018.03.22 10:23:26.651,1.0669,1.06717,5.25,3.00
2018.03.22 10:23:26.969,1.06692,1.06717,1.37,2.06
2018.03.22 10:23:27.020,1.06692,1.06716,1.25,1.12
2018.03.22 10:23:27.123,1.06691,1.06716,2.06,1.75
2018.03.22 10:23:27.226,1.0669,1.06714,1.12,1.50
2018.03.22 10:23:28.266,1.06691,1.06713,1.00,1.00
2018.03.22 10:23:29.326,1.06691,1.06713,1.00,1.75
2018.03.22 10:23:29.631,1.06691,1.06712,1.00,1.75
2018.03.22 10:23:29.992,1.06691,1.06711,1.00,1.12
2018.03.22 10:23:31.293,1.06691,1.06712,1.00,1.50
2018.03.22 10:23:32.108,1.06687,1.06712,2.44,1.50
2018.03.22 10:23:32.160,1.06688,1.06712,1.44,1.75
2018.03.22 10:23:32.710,1.06688,1.06712,1.25,1.75
2018.03.22 10:23:32.761,1.06688,1.06712,1.69,1.75
2018.03.22 10:23:33.291,1.06689,1.06712,1.00,1.75
2018.03.22 10:23:33.821,1.06689,1.06712,1.00,1.37
2018.03.22 10:23:34.509,1.06694,1.06718,1.00,2.00
2018.03.22 10:23:34.773,1.06694,1.06718,1.87,1.12
2018.03.22 10:23:35.305,1.06694,1.06719,1.69,1.12
2018.03.22 10:23:35.407,1.06697,1.06719,1.00,1.12
2018.03.22 10:23:35.910,1.06697,1.0672,1.00,1.87
2018.03.22 10:23:36.416,1.06696,1.06719,1.00,1.00
2018.03.22 10:23:37.040,1.06696,1.0672,1.12,1.12
2018.03.22 10:23:38.714,1.06696,1.06721,1.00,1.87
2018.03.22 10:23:39.628,1.06696,1.06721,1.37,1.75
2018.03.22 10:23:40.413,1.06696,1.06721,1.12,1.75
2018.03.22 10:23:40.798,1.06697,1.06724,1.00,2.25
2018.03.22 10:23:40.849,1.06699,1.06724,1.00,1.50
2018.03.22 10:23:43.283,1.06699,1.06723,1.12,1.12
2018.03.22 10:23:46.263,1.06699,1.0672,1.12,1.12
2018.03.22 10:23:46.315,1.06696,1.06721,2.62,1.37
2018.03.22 10:23:46.835,1.06697,1.06722,1.44,2.25
2018.03.22 10:23:47.374,1.06697,1.06721,1.00,1.37
2018.03.22 10:23:47.591,1.06697,1.0672,1.00,1.50
2018.03.22 10:23:48.289,1.06698,1.0672,1.00,1.50
2018.03.22 10:23:48.896,1.06698,1.06717,1.00,1.00
2018.03.22 10:23:49.413,1.06697,1.06718,1.00,1.12
2018.03.22 10:23:49.730,1.06697,1.06718,1.00,2.25
2018.03.22 10:23:50.545,1.06698,1.06717,1.00,1.37
2018.03.22 10:23:50.892,1.06695,1.06718,1.00,1.50
2018.03.22 10:23:55.306,1.06694,1.06717,1.00,1.37
2018.03.22 10:23:55.560,1.06694,1.06719,1.00,1.12
2018.03.22 10:23:55.770,1.06694,1.06718,1.50,1.50
2018.03.22 10:23:55.922,1.06692,1.06718,1.50,1.50
2018.03.22 10:23:56.425,1.06693,1.06719,1.12,3.37
2018.03.22 10:23:57.068,1.06693,1.06717,1.00,1.12
2018.03.22 10:23:57.278,1.06693,1.06718,1.50,1.50
2018.03.22 10:23:57.330,1.06694,1.06718,1.00,1.00
2018.03.22 10:23:57.468,1.06696,1.06721,2.44,1.00
2018.03.22 10:24:01.047,1.06696,1.06722,3.00,1.25
2018.03.22 10:24:01.570,1.06697,1.06722,1.00,1.12
2018.03.22 10:24:03.092,1.06697,1.06722,1.25,1.31
2018.03.22 10:24:03.650,1.06697,1.06722,1.25,1.12
2018.03.22 10:24:04.338,1.06697,1.06722,1.00,1.50
2018.03.22 10:24:05.120,1.06697,1.06722,1.00,1.31
2018.03.22 10:24:05.635,1.06697,1.06721,1.00,1.00
2018.03.22 10:24:06.007,1.06697,1.06721,1.00,1.37
2018.03.22 10:24:07.460,1.06697,1.06721,1.00,1.44
2018.03.22 10:24:07.981,1.06695,1.0672,2.06,1.44
2018.03.22 10:24:09.139,1.06695,1.0672,1.87,1.25
2018.03.22 10:24:10.774,1.06695,1.0672,3.75,1.44
2018.03.22 10:24:11.576,1.06696,1.0672,1.12,1.00
2018.03.22 10:24:12.081,1.06696,1.06722,1.12,2.62
2018.03.22 10:24:12.410,1.06695,1.06722,3.75,1.50
2018.03.22 10:24:12.787,1.06695,1.06722,4.12,1.75
2018.03.22 10:24:12.947,1.06696,1.06722,1.50,1.87
2018.03.22 10:24:13.390,1.06696,1.06722,1.50,2.25
2018.03.22 10:24:13.538,1.06696,1.06722,1.50,1.87
2018.03.22 10:24:14.080,1.06696,1.06722,1.50,2.25
2018.03.22 10:24:14.182,1.06696,1.06722,1.50,2.06
2018.03.22 10:24:14.233,1.06696,1.06722,1.50,1.87
2018.03.22 10:24:14.593,1.06696,1.06722,1.50,2.25
2018.03.22 10:24:15.109,1.06696,1.06722,1.50,1.87
2018.03.22 10:24:15.642,1.06696,1.06722,1.50,2.25
2018.03.22 10:24:15.693,1.06696,1.06722,1.50,2.06
2018.03.22 10:24:15.826,1.06696,1.06722,1.50,1.87
2018.03.22 10:24:16.298,1.06696,1.06722,1.50,2.25
2018.03.22 10:24:16.494,1.06696,1.06722,1.50,1.37
2018.03.22 10:24:16.833,1.06696,1.06722,1.50,1.75
2018.03.22 10:24:17.266,1.06696,1.06722,1.50,1.37
2018.03.22 10:24:17.728,1.06696,1.06722,1.50,1.75
2018.03.22 10:24:17.989,1.06696,1.06722,1.50,1.37
2018.03.22 10:24:18.282,1.06696,1.06722,1.50,1.75
2018.03.22 10:24:18.626,1.06696,1.06722,1.50,1.37
2018.03.22 10:24:19.155,1.06697,1.06721,1.00,1.50
2018.03.22 10:24:19.774,1.06697,1.06721,1.00,1.50
2018.03.22 10:24:22.678,1.06697,1.06718,1.00,1.25
2018.03.22 10:24:23.242,1.06697,1.06719,1.00,1.25
2018.03.22 10:24:23.901,1.06697,1.06718,1.00,1.00
2018.03.22 10:24:24.623,1.06697,1.06719,1.12,1.12
2018.03.22 10:24:24.879,1.06697,1.06722,1.12,1.12
2018.03.22 10:24:25.355,1.06697,1.06722,1.12,1.50
2018.03.22 10:24:25.720,1.06697,1.06722,1.12,1.50
