2012.06.06 08:00:00.012,1.29185,1.29222,1.72,1.50
2012.06.06 08:00:00.311,1.29185,1.29214,1.50,1.50
2012.06.06 08:00:00.845,1.29182,1.29215,2.47,1.50
2012.06.06 08:00:00.926,1.29182,1.29222,2.85,1.50
2012.06.06 08:00:01.285,1.29187,1.29224,1.13,1.50
2012.06.06 08:00:01.575,1.29185,1.29218,1.72,1.50
2012.06.06 08:00:01.660,1.29185,1.29218,1.50,1.50
2012.06.06 08:00:02.002,1.29187,1.29226,1.13,1.50
2012.06.06 08:00:02.213,1.29187,1.29225,1.35,1.50
2012.06.06 08:00:02.421,1.29187,1.29225,1.13,1.50
2012.06.06 08:00:04.054,1.29184,1.2922,2.47,1.50
2012.06.06 08:00:04.430,1.29184,1.2922,2.47,1.50
2012.06.06 08:00:04.696,1.29184,1.29216,2.47,1.50
2012.06.06 08:00:04.911,1.29184,1.29216,1.72,1.50
2012.06.06 08:00:04.980,1.29184,1.29219,1.72,1.50
2012.06.06 08:00:05.479,1.29184,1.29219,2.25,1.50
2012.06.06 08:00:05.837,1.29207,1.29232,1.50,2.25
2012.06.06 08:00:05.921,1.29207,1.2923,1.50,2.25
2012.06.06 08:00:05.999,1.29193,1.29219,1.50,1.50
2012.06.06 08:00:06.212,1.29196,1.29228,1.50,2.25
2012.06.06 08:00:06.555,1.29189,1.29229,2.48,2.25
2012.06.06 08:00:06.981,1.29192,1.29229,1.13,2.25
2012.06.06 08:00:07.941,1.29192,1.29224,1.13,2.25
2012.06.06 08:00:08.015,1.29186,1.29222,1.50,1.50
2012.06.06 08:00:08.443,1.29189,1.29224,2.10,1.50
2012.06.06 08:00:08.515,1.29189,1.29224,1.73,1.50
2012.06.06 08:00:08.668,1.29186,1.29224,3.22,1.50
2012.06.06 08:00:08.815,1.29189,1.2923,2.10,1.50
2012.06.06 08:00:09.338,1.29191,1.29229,1.50,2.25
2012.06.06 08:00:09.869,1.29189,1.29226,3.23,2.25
2012.06.06 08:00:10.393,1.29189,1.29226,3.23,2.25
2012.06.06 08:00:10.730,1.29189,1.29228,4.73,2.25
2012.06.06 08:00:10.900,1.29197,1.29226,1.73,1.50
2012.06.06 08:00:11.231,1.29197,1.29228,2.10,2.25
2012.06.06 08:00:12.300,1.29194,1.29226,1.13,1.50
2012.06.06 08:00:12.371,1.29189,1.29226,3.45,1.50
2012.06.06 08:00:12.443,1.29189,1.29226,3.45,1.50
2012.06.06 08:00:12.932,1.29189,1.29226,3.23,3.00
2012.06.06 08:00:13.254,1.29189,1.29226,2.48,3.00
2012.06.06 08:00:13.761,1.29189,1.29224,2.48,2.25
2012.06.06 08:00:14.567,1.29189,1.29225,2.48,2.25
2012.06.06 08:00:15.160,1.29189,1.29225,3.23,2.25
2012.06.06 08:00:15.531,1.29189,1.29225,3.98,1.50
2012.06.06 08:00:16.390,1.29189,1.29226,3.23,2.25
2012.06.06 08:00:18.455,1.29191,1.29226,1.50,2.25
2012.06.06 08:00:19.740,1.29191,1.29226,1.50,2.25
2012.06.06 08:00:19.992,1.29193,1.29229,1.13,1.50
2012.06.06 08:00:20.183,1.29192,1.29229,1.50,1.50
2012.06.06 08:00:21.162,1.29193,1.29229,1.13,1.50
2012.06.06 08:00:21.703,1.29192,1.29231,1.50,1.50
2012.06.06 08:00:22.243,1.29193,1.29231,1.13,1.50
2012.06.06 08:00:22.502,1.29191,1.29231,2.25,1.50
2012.06.06 08:00:23.244,1.29193,1.29233,1.13,1.50
2012.06.06 08:00:23.779,1.29195,1.29233,1.50,1.50
2012.06.06 08:00:24.473,1.29197,1.29233,1.73,1.50
2012.06.06 08:00:24.953,1.29196,1.29229,1.13,1.50
2012.06.06 08:00:25.025,1.29201,1.29229,1.13,1.50
2012.06.06 08:00:25.105,1.29201,1.29237,1.88,1.13
2012.06.06 08:00:25.374,1.29201,1.29231,1.13,1.50
2012.06.06 08:00:25.965,1.29197,1.29235,1.13,1.50
2012.06.06 08:00:26.184,1.29199,1.29237,1.13,1.50
2012.06.06 08:00:26.503,1.29196,1.29235,2.48,2.25
2012.06.06 08:00:26.704,1.29199,1.29233,1.13,1.50
2012.06.06 08:00:26.905,1.29199,1.29237,2.85,3.00
2012.06.06 08:00:27.044,1.29199,1.29233,1.13,1.50
2012.06.06 08:00:27.420,1.29199,1.29233,1.13,2.25
2012.06.06 08:00:27.769,1.292,1.29233,1.13,1.50
2012.06.06 08:00:28.200,1.29199,1.29235,1.13,2.25
2012.06.06 08:00:28.608,1.29197,1.29233,1.13,2.25
2012.06.06 08:00:28.753,1.29197,1.29235,1.13,3.00
2012.06.06 08:00:28.824,1.29198,1.29235,1.13,2.25
2012.06.06 08:00:29.142,1.29199,1.29232,1.13,1.50
2012.06.06 08:00:29.285,1.29199,1.29234,1.13,1.50
2012.06.06 08:00:29.435,1.29197,1.29236,3.60,3.00
2012.06.06 08:00:29.514,1.29197,1.29236,2.48,1.50
2012.06.06 08:00:29.833,1.29198,1.29238,2.85,3.00
2012.06.06 08:00:29.903,1.29198,1.29238,3.23,3.00
2012.06.06 08:00:29.974,1.29199,1.29238,2.10,3.00
2012.06.06 08:00:30.115,1.29199,1.29236,2.10,1.50
2012.06.06 08:00:30.484,1.29202,1.29238,1.50,3.00
2012.06.06 08:00:30.558,1.29206,1.29238,2.10,2.25
2012.06.06 08:00:33.656,1.29207,1.29235,1.50,1.50
2012.06.06 08:00:34.002,1.29206,1.29237,1.50,3.00
2012.06.06 08:00:34.566,1.29202,1.29233,1.50,2.25
2012.06.06 08:00:35.819,1.29206,1.29233,1.50,2.25
2012.06.06 08:00:36.494,1.29207,1.29242,2.10,1.50
2012.06.06 08:00:36.561,1.29207,1.29243,2.10,1.50
2012.06.06 08:00:36.700,1.29203,1.29243,1.88,1.50
2012.06.06 08:00:36.774,1.29203,1.2924,1.13,1.50
2012.06.06 08:00:37.282,1.29201,1.29239,1.50,2.25
2012.06.06 08:00:37.861,1.29202,1.2924,1.13,2.25
2012.06.06 08:00:38.217,1.29199,1.29225,1.13,1.50
2012.06.06 08:00:38.554,1.29199,1.29225,1.13,1.50
2012.06.06 08:00:38.622,1.29199,1.29225,1.13,1.50
2012.06.06 08:00:39.442,1.29192,1.2922,2.10,1.50
2012.06.06 08:00:39.511,1.29192,1.2922,1.35,1.50
2012.06.06 08:00:39.659,1.29189,1.29226,1.50,1.50
2012.06.06 08:00:39.737,1.2919,1.29226,2.48,1.50
2012.06.06 08:00:40.102,1.29193,1.29226,1.13,1.50
2012.06.06 08:00:40.814,1.29193,1.29226,1.13,1.50
2012.06.06 08:00:41.026,1.29192,1.29226,1.50,1.50
2012.06.06 08:00:44.229,1.29193,1.29226,1.13,1.50
2012.06.06 08:00:44.319,1.29192,1.29226,1.50,1.50
2012.06.06 08:00:44.460,1.29193,1.29226,1.13,1.50
2012.06.06 08:00:44.785,1.29189,1.29222,1.50,1.50
2012.06.06 08:00:44.865,1.2919,1.29219,2.25,1.50
2012.06.06 08:00:46.347,1.29186,1.29219,1.13,1.50
2012.06.06 08:00:46.432,1.29186,1.29219,1.13,1.50
2012.06.06 08:00:47.917,1.29192,1.29228,1.35,1.50
2012.06.06 08:00:48.600,1.29192,1.29228,1.13,1.50
2012.06.06 08:00:48.883,1.29192,1.29228,1.13,1.50
2012.06.06 08:00:49.489,1.29192,1.29231,1.13,1.50
2012.06.06 08:00:49.754,1.29191,1.2923,1.35,1.50
2012.06.06 08:00:50.481,1.29191,1.29222,1.13,1.50
2012.06.06 08:00:50.753,1.2919,1.29221,1.50,1.50
2012.06.06 08:00:51.020,1.2919,1.29221,2.25,1.50
2012.06.06 08:00:51.162,1.2919,1.29222,1.50,1.50
2012.06.06 08:00:51.293,1.2919,1.29222,1.50,1.50
2012.06.06 08:00:51.422,1.29187,1.29222,1.50,1.50
2012.06.06 08:00:51.622,1.29187,1.29221,1.50,1.50
2012.06.06 08:00:51.787,1.29188,1.29221,1.50,1.50
2012.06.06 08:00:51.947,1.29186,1.29221,1.88,1.50
2012.06.06 08:00:52.662,1.29186,1.29223,1.88,1.50
2012.06.06 08:00:52.735,1.29188,1.29223,1.50,1.50
2012.06.06 08:00:53.083,1.29186,1.29222,1.35,1.50
2012.06.06 08:00:53.434,1.29186,1.29222,1.35,1.50
2012.06.06 08:00:54.279,1.29186,1.29222,1.35,1.50
2012.06.06 08:00:54.741,1.29186,1.29217,1.35,1.50
2012.06.06 08:00:54.954,1.29184,1.29215,1.72,1.50
2012.06.06 08:00:55.166,1.29182,1.29215,2.85,1.50
2012.06.06 08:00:55.246,1.29189,1.29215,1.73,1.50
2012.06.06 08:00:55.399,1.29189,1.29228,2.10,1.50
2012.06.06 08:00:55.618,1.29189,1.29216,2.10,1.50
2012.06.06 08:00:55.695,1.29189,1.29216,1.73,1.50
2012.06.06 08:00:56.176,1.29186,1.29216,1.13,1.50
2012.06.06 08:00:57.174,1.29186,1.29216,1.13,1.50
2012.06.06 08:00:57.241,1.29186,1.29216,1.13,1.50
2012.06.06 08:00:57.504,1.29182,1.29216,1.13,1.50
2012.06.06 08:00:57.723,1.29181,1.29216,2.63,1.50
2012.06.06 08:00:57.790,1.29182,1.29216,1.13,1.50
2012.06.06 08:00:58.127,1.2918,1.29214,2.47,1.50
2012.06.06 08:00:58.600,1.2918,1.29219,1.35,1.50
2012.06.06 08:00:58.680,1.29181,1.29219,2.25,1.50
2012.06.06 08:01:02.181,1.29187,1.29222,1.13,1.50
2012.06.06 08:01:02.251,1.29187,1.29222,1.13,1.50
2012.06.06 08:01:02.723,1.2919,1.29222,1.73,1.50
2012.06.06 08:01:02.794,1.29189,1.29225,1.50,2.25
2012.06.06 08:01:03.211,1.29191,1.29231,1.50,1.50
2012.06.06 08:01:03.416,1.29191,1.29229,1.50,2.25
2012.06.06 08:01:03.562,1.29195,1.29229,1.50,2.25
2012.06.06 08:01:04.061,1.29191,1.29233,2.10,2.25
2012.06.06 08:01:04.413,1.29191,1.29232,1.72,2.48
2012.06.06 08:01:07.093,1.29195,1.29232,1.50,2.48
2012.06.06 08:01:07.222,1.29192,1.29232,1.72,3.23
2012.06.06 08:01:08.743,1.29193,1.29233,1.50,1.50
2012.06.06 08:01:10.037,1.29193,1.29232,1.50,2.25
2012.06.06 08:01:10.381,1.29197,1.29232,1.13,1.50
2012.06.06 08:01:10.452,1.29201,1.29232,1.13,1.50
2012.06.06 08:01:11.086,1.29212,1.29239,1.50,1.50
2012.06.06 08:01:12.912,1.29208,1.29239,1.13,1.50
2012.06.06 08:01:13.814,1.29207,1.29233,1.50,1.50
2012.06.06 08:01:13.952,1.29204,1.29233,2.25,2.25
2012.06.06 08:01:14.163,1.29207,1.29233,1.50,1.50
2012.06.06 08:01:14.500,1.29207,1.29229,1.50,1.50
2012.06.06 08:01:14.575,1.29207,1.29235,1.50,2.25
2012.06.06 08:01:14.993,1.29207,1.29239,1.50,3.00
2012.06.06 08:01:15.062,1.29203,1.29239,1.50,3.00
2012.06.06 08:01:15.191,1.29201,1.29234,2.25,2.25
2012.06.06 08:01:16.607,1.29197,1.29236,1.50,1.50
2012.06.06 08:01:16.690,1.29197,1.29236,1.50,1.50
2012.06.06 08:01:16.974,1.29203,1.29236,1.50,1.50
2012.06.06 08:01:17.113,1.29197,1.29234,1.50,1.50
2012.06.06 08:01:17.186,1.29199,1.29236,1.50,1.50
2012.06.06 08:01:18.421,1.29196,1.29232,1.50,2.48
2012.06.06 08:01:19.187,1.29191,1.2923,1.72,1.13
2012.06.06 08:01:19.529,1.29191,1.29234,1.72,1.50
2012.06.06 08:01:19.611,1.29191,1.29229,1.72,1.50
2012.06.06 08:01:20.122,1.29191,1.29229,1.50,1.50
2012.06.06 08:01:20.402,1.29192,1.29229,1.50,1.50
2012.06.06 08:01:20.542,1.29196,1.2923,1.50,1.50
2012.06.06 08:01:20.674,1.29198,1.2923,1.50,1.50
2012.06.06 08:01:21.012,1.29198,1.2923,1.50,1.50
2012.06.06 08:01:21.155,1.29197,1.2923,1.50,1.50
2012.06.06 08:01:21.425,1.29201,1.29236,1.50,2.25
2012.06.06 08:01:22.532,1.29202,1.29239,1.50,2.25
2012.06.06 08:01:22.743,1.29198,1.29232,1.50,1.50
2012.06.06 08:01:22.816,1.29198,1.29233,1.50,1.50
2012.06.06 08:01:22.959,1.29204,1.29233,1.50,1.50
2012.06.06 08:01:23.152,1.29201,1.29237,1.50,1.50
2012.06.06 08:01:23.295,1.29201,1.29239,1.50,3.00
2012.06.06 08:01:24.194,1.29202,1.29235,1.50,2.25
2012.06.06 08:01:27.276,1.29199,1.29233,1.13,1.50
2012.06.06 08:01:27.422,1.29199,1.29233,1.13,1.50
2012.06.06 08:01:27.552,1.29202,1.29239,1.50,2.25
2012.06.06 08:01:27.764,1.29196,1.29237,2.63,1.50
2012.06.06 08:01:30.439,1.29195,1.29237,1.50,3.00
2012.06.06 08:01:33.732,1.29199,1.29238,1.13,2.25
2012.06.06 08:01:33.922,1.29199,1.29231,1.13,1.50
2012.06.06 08:01:34.456,1.29196,1.29234,1.50,2.25
2012.06.06 08:01:37.281,1.29195,1.29234,1.88,1.50
2012.06.06 08:01:37.859,1.29197,1.29233,1.50,1.50
2012.06.06 08:01:38.231,1.292,1.29233,1.50,1.50
2012.06.06 08:01:38.504,1.29206,1.29236,1.50,1.50
2012.06.06 08:01:38.914,1.29201,1.2923,1.50,1.50
2012.06.06 08:01:39.267,1.29202,1.29235,1.50,2.25
2012.06.06 08:01:39.629,1.29206,1.29233,1.50,1.50
2012.06.06 08:01:39.837,1.29206,1.29241,1.50,1.13
2012.06.06 08:01:40.691,1.29204,1.2924,1.50,1.50
2012.06.06 08:01:40.962,1.29206,1.29242,1.50,2.63
2012.06.06 08:01:41.313,1.29217,1.29242,1.50,2.63
2012.06.06 08:01:42.156,1.29207,1.29237,1.50,1.50
2012.06.06 08:01:42.234,1.29207,1.29237,1.50,1.50
2012.06.06 08:01:43.135,1.29207,1.29241,1.50,1.13
2012.06.06 08:01:43.272,1.29217,1.29242,1.50,2.63
2012.06.06 08:01:43.606,1.29217,1.29242,1.50,2.25
2012.06.06 08:01:43.883,1.29214,1.29245,1.35,2.03
2012.06.06 08:01:44.023,1.29212,1.29245,2.70,2.03
2012.06.06 08:01:44.582,1.29219,1.29245,1.50,1.65
2012.06.06 08:01:45.301,1.29211,1.2925,1.72,2.40
2012.06.06 08:01:47.160,1.29212,1.2925,1.50,2.40
2012.06.06 08:01:47.831,1.29217,1.29253,1.50,2.63
2012.06.06 08:01:48.463,1.2922,1.29256,1.72,2.03
2012.06.06 08:01:48.532,1.29217,1.29256,1.72,2.03
2012.06.06 08:01:50.804,1.29217,1.29249,1.50,1.65
2012.06.06 08:01:50.882,1.29219,1.29249,1.50,1.65
2012.06.06 08:01:51.025,1.29212,1.29243,1.50,1.50
2012.06.06 08:01:51.303,1.29212,1.29253,1.50,2.40
2012.06.06 08:01:51.621,1.29212,1.29253,1.50,2.40
2012.06.06 08:01:52.182,1.29222,1.29253,1.50,2.40
2012.06.06 08:01:52.928,1.29227,1.29253,1.50,2.40
2012.06.06 08:01:53.684,1.29221,1.29253,1.13,1.65
2012.06.06 08:01:57.140,1.29222,1.29253,1.13,1.65
2012.06.06 08:01:57.270,1.29222,1.29253,1.13,1.65
2012.06.06 08:01:57.903,1.29222,1.29253,1.88,1.65
2012.06.06 08:01:58.243,1.29221,1.29258,1.50,1.13
2012.06.06 08:01:58.311,1.29221,1.29258,1.50,1.13
2012.06.06 08:01:58.694,1.29222,1.29256,1.50,1.13
2012.06.06 08:01:59.222,1.29221,1.29258,1.50,1.13
2012.06.06 08:01:59.494,1.29221,1.29253,1.50,1.50
2012.06.06 08:02:00.488,1.29219,1.29253,1.50,1.50
2012.06.06 08:02:00.631,1.29217,1.29253,1.58,1.50
2012.06.06 08:02:00.776,1.29217,1.29253,1.58,2.25
2012.06.06 08:02:01.457,1.29216,1.29253,1.95,2.25
2012.06.06 08:02:01.603,1.29216,1.29253,1.95,2.25
2012.06.06 08:02:01.814,1.29215,1.29255,1.58,1.50
2012.06.06 08:02:02.290,1.29213,1.29249,1.58,1.50
2012.06.06 08:02:02.853,1.29217,1.29253,1.58,3.38
2012.06.06 08:02:03.962,1.29219,1.29254,1.50,3.00
2012.06.06 08:02:04.541,1.29217,1.2925,1.58,2.25
2012.06.06 08:02:06.642,1.29219,1.2925,1.50,1.50
2012.06.06 08:02:06.984,1.29228,1.29255,1.13,2.25
2012.06.06 08:02:07.185,1.29222,1.29256,1.50,1.13
2012.06.06 08:02:07.388,1.29222,1.29258,1.50,1.88
2012.06.06 08:02:07.798,1.29226,1.29259,1.73,2.63
2012.06.06 08:02:07.875,1.29222,1.29256,1.50,1.13
2012.06.06 08:02:08.014,1.29222,1.29256,1.50,1.13
2012.06.06 08:02:08.439,1.29222,1.29256,1.88,1.13
2012.06.06 08:02:08.703,1.29225,1.29259,2.48,1.13
2012.06.06 08:02:08.963,1.29224,1.29254,1.50,1.50
2012.06.06 08:02:09.166,1.29221,1.29254,1.50,2.25
2012.06.06 08:02:09.522,1.29219,1.29253,1.50,2.48
2012.06.06 08:02:09.732,1.29221,1.29256,1.50,1.13
2012.06.06 08:02:09.803,1.29217,1.29256,1.50,1.13
2012.06.06 08:02:10.739,1.29214,1.29254,1.58,3.00
2012.06.06 08:02:12.710,1.29214,1.29254,1.13,2.25
2012.06.06 08:02:13.063,1.29221,1.29256,1.13,1.13
2012.06.06 08:02:13.277,1.29214,1.29254,3.00,1.50
2012.06.06 08:02:14.313,1.29212,1.29254,1.50,1.50
2012.06.06 08:02:14.443,1.29212,1.2925,2.25,1.50
2012.06.06 08:02:14.711,1.29211,1.29247,1.50,1.50
2012.06.06 08:02:15.122,1.29211,1.29251,1.50,2.25
2012.06.06 08:02:15.200,1.29211,1.29241,2.25,3.23
2012.06.06 08:02:15.564,1.29209,1.29239,1.50,1.50
2012.06.06 08:02:16.013,1.29209,1.29239,1.50,1.50
2012.06.06 08:02:16.484,1.29212,1.29239,1.50,1.50
2012.06.06 08:02:16.693,1.29212,1.29239,2.25,1.50
2012.06.06 08:02:17.196,1.29206,1.29239,2.25,1.50
2012.06.06 08:02:17.655,1.2921,1.29242,2.25,1.50
2012.06.06 08:02:17.804,1.29213,1.29242,1.50,1.50
2012.06.06 08:02:17.873,1.29219,1.29242,1.50,1.50
2012.06.06 08:02:18.016,1.29217,1.29242,3.00,1.50
2012.06.06 08:02:18.573,1.29218,1.29243,1.50,1.50
2012.06.06 08:02:18.763,1.29216,1.29246,1.50,1.50
2012.06.06 08:02:18.833,1.29214,1.29246,1.50,1.50
2012.06.06 08:02:18.902,1.29214,1.29246,2.25,1.50
2012.06.06 08:02:19.315,1.29219,1.29244,1.50,1.50
2012.06.06 08:02:19.923,1.29213,1.29244,1.50,1.50
2012.06.06 08:02:20.791,1.29213,1.29243,1.50,1.50
2012.06.06 08:02:20.862,1.29213,1.29242,1.50,1.50
2012.06.06 08:02:21.075,1.29205,1.29242,1.72,1.50
2012.06.06 08:02:21.225,1.29205,1.29239,2.25,1.50
2012.06.06 08:02:21.599,1.2921,1.29239,1.50,1.50
2012.06.06 08:02:21.715,1.29207,1.29239,1.50,1.50
2012.06.06 08:02:21.793,1.29205,1.29239,1.50,1.50
2012.06.06 08:02:21.933,1.29205,1.29237,1.50,1.50
2012.06.06 08:02:22.308,1.29201,1.29235,2.47,2.48
2012.06.06 08:02:22.815,1.29201,1.29235,2.25,2.48
2012.06.06 08:02:22.919,1.29201,1.29235,2.25,2.48
2012.06.06 08:02:23.263,1.29206,1.29236,2.25,1.50
2012.06.06 08:02:23.330,1.29206,1.29236,2.25,1.50
2012.06.06 08:02:24.363,1.29203,1.2924,1.50,1.50
2012.06.06 08:02:24.982,1.29203,1.29239,1.50,1.13
2012.06.06 08:02:26.014,1.29203,1.29238,1.50,1.50
2012.06.06 08:02:26.473,1.29202,1.29233,1.50,2.48
2012.06.06 08:02:27.182,1.29201,1.29232,2.25,1.50
2012.06.06 08:02:29.511,1.29196,1.29232,2.25,1.50
2012.06.06 08:02:30.202,1.29196,1.29232,2.25,1.50
2012.06.06 08:02:31.899,1.29197,1.29233,1.50,3.60
2012.06.06 08:02:32.411,1.29197,1.29234,1.72,1.50
2012.06.06 08:02:32.552,1.29197,1.29238,1.72,2.25
2012.06.06 08:02:33.154,1.29198,1.29234,1.50,1.50
2012.06.06 08:02:33.297,1.29196,1.29234,1.50,1.50
2012.06.06 08:02:33.583,1.29192,1.29233,3.00,1.50
2012.06.06 08:02:34.812,1.29198,1.29233,1.50,1.50
2012.06.06 08:02:35.841,1.29192,1.29233,3.22,1.50
2012.06.06 08:02:36.162,1.29198,1.29233,1.50,1.50
2012.06.06 08:02:36.981,1.29197,1.29233,1.50,1.50
2012.06.06 08:02:37.936,1.29198,1.29233,1.50,1.50
2012.06.06 08:02:38.277,1.29207,1.29242,1.13,2.25
2012.06.06 08:02:38.661,1.29209,1.29243,1.50,1.50
2012.06.06 08:02:39.553,1.29207,1.29243,1.50,1.50
2012.06.06 08:02:39.625,1.29207,1.2924,1.50,1.50
2012.06.06 08:02:40.000,1.29212,1.29236,1.50,1.50
2012.06.06 08:02:40.216,1.29205,1.29242,1.50,2.25
2012.06.06 08:02:40.602,1.29206,1.29239,1.50,1.50
2012.06.06 08:02:40.671,1.29205,1.29239,1.50,2.25
2012.06.06 08:02:41.895,1.29203,1.29243,1.50,3.00
2012.06.06 08:02:42.552,1.29201,1.29234,3.60,1.50
2012.06.06 08:02:42.627,1.29201,1.29239,3.60,2.25
2012.06.06 08:02:43.222,1.29202,1.29238,1.50,1.50
2012.06.06 08:02:43.444,1.29201,1.29238,3.23,1.50
2012.06.06 08:02:43.761,1.29199,1.29238,2.25,2.25
2012.06.06 08:02:44.205,1.29201,1.29238,1.50,1.50
2012.06.06 08:02:44.472,1.292,1.29235,1.50,1.50
2012.06.06 08:02:44.540,1.2921,1.29235,1.50,1.50
2012.06.06 08:02:44.875,1.29213,1.29242,1.50,3.98
2012.06.06 08:02:45.028,1.29213,1.29242,1.72,1.73
2012.06.06 08:02:45.105,1.29213,1.29246,1.72,1.13
2012.06.06 08:02:47.771,1.29213,1.2925,1.13,3.98
2012.06.06 08:02:47.913,1.29206,1.29245,1.72,1.50
2012.06.06 08:02:47.983,1.29205,1.29242,1.72,2.48
2012.06.06 08:02:48.126,1.29205,1.29242,3.00,2.48
2012.06.06 08:02:48.203,1.29206,1.29242,1.50,1.73
2012.06.06 08:02:48.392,1.29209,1.29245,1.50,1.50
2012.06.06 08:02:48.713,1.29206,1.29242,2.25,2.48
2012.06.06 08:02:49.231,1.29205,1.29242,3.00,2.48
2012.06.06 08:02:49.301,1.29205,1.29242,2.25,2.48
2012.06.06 08:02:51.701,1.29205,1.29242,1.50,2.48
2012.06.06 08:02:52.277,1.29204,1.29236,1.50,1.50
2012.06.06 08:02:52.357,1.29205,1.29234,1.50,1.50
2012.06.06 08:02:52.502,1.29198,1.2924,1.72,3.98
2012.06.06 08:02:53.003,1.29198,1.29235,2.47,2.25
2012.06.06 08:02:53.072,1.29202,1.29235,1.72,1.50
2012.06.06 08:02:53.431,1.29207,1.29233,1.50,1.50
2012.06.06 08:02:53.502,1.29207,1.29235,1.50,1.50
2012.06.06 08:02:53.580,1.29207,1.29239,1.50,2.25
2012.06.06 08:02:54.513,1.29199,1.29239,2.25,1.50
2012.06.06 08:02:54.641,1.29201,1.2924,1.50,2.25
2012.06.06 08:02:55.999,1.29201,1.2924,1.13,2.25
2012.06.06 08:02:56.075,1.29205,1.29239,1.50,1.50
2012.06.06 08:02:56.225,1.29202,1.2924,1.50,2.25
2012.06.06 08:02:56.453,1.29205,1.29239,1.50,1.50
2012.06.06 08:02:56.945,1.29205,1.29235,1.50,1.50
2012.06.06 08:02:57.256,1.29203,1.29229,1.50,1.50
2012.06.06 08:02:57.622,1.29203,1.29226,1.50,1.50
2012.06.06 08:02:58.132,1.29205,1.29228,1.50,1.50
2012.06.06 08:02:58.480,1.29212,1.29228,1.50,1.50
2012.06.06 08:02:58.699,1.2921,1.29248,1.50,1.50
2012.06.06 08:03:00.722,1.29207,1.29247,4.72,1.50
2012.06.06 08:03:01.234,1.29207,1.29247,3.22,1.50
2012.06.06 08:03:01.741,1.29209,1.29247,1.72,1.50
2012.06.06 08:03:03.491,1.29211,1.29251,1.72,1.50
2012.06.06 08:03:04.935,1.29207,1.29247,2.47,1.50
2012.06.06 08:03:05.441,1.29205,1.29245,1.72,1.50
2012.06.06 08:03:06.020,1.29205,1.29243,1.50,1.50
2012.06.06 08:03:06.302,1.29207,1.29244,1.50,1.50
2012.06.06 08:03:06.448,1.29204,1.29242,2.10,1.50
2012.06.06 08:03:06.795,1.29205,1.29243,2.25,1.50
2012.06.06 08:03:06.940,1.29205,1.29243,2.25,1.50
2012.06.06 08:03:07.291,1.29212,1.29247,1.50,2.25
2012.06.06 08:03:07.433,1.29212,1.29247,1.50,1.50
2012.06.06 08:03:07.504,1.29212,1.29248,1.50,1.50
2012.06.06 08:03:09.003,1.29212,1.29247,1.50,3.00
2012.06.06 08:03:09.406,1.29208,1.29247,3.45,1.50
2012.06.06 08:03:09.765,1.29212,1.29247,1.50,2.25
2012.06.06 08:03:11.223,1.29208,1.29247,2.48,3.00
2012.06.06 08:03:12.034,1.29205,1.29243,1.50,3.23
2012.06.06 08:03:12.315,1.29206,1.29243,1.50,3.00
2012.06.06 08:03:12.463,1.29206,1.29242,1.50,1.50
2012.06.06 08:03:13.058,1.29205,1.29242,2.25,1.50
2012.06.06 08:03:13.428,1.2921,1.29243,1.50,3.23
2012.06.06 08:03:13.507,1.29205,1.29243,1.50,3.23
2012.06.06 08:03:14.164,1.29205,1.29243,1.50,3.23
2012.06.06 08:03:14.435,1.29207,1.29243,1.50,2.48
2012.06.06 08:03:14.582,1.29207,1.29244,1.50,1.50
2012.06.06 08:03:15.091,1.29205,1.29239,1.50,1.50
2012.06.06 08:03:15.163,1.29203,1.29239,1.50,1.50
2012.06.06 08:03:15.231,1.29201,1.29239,2.25,1.50
2012.06.06 08:03:15.441,1.29204,1.29242,1.50,1.50
2012.06.06 08:03:15.725,1.29205,1.29242,1.50,1.50
2012.06.06 08:03:15.864,1.29205,1.29242,2.25,1.50
2012.06.06 08:03:16.055,1.29206,1.29242,1.50,1.50
2012.06.06 08:03:16.599,1.29205,1.29242,2.25,1.50
2012.06.06 08:03:20.676,1.29201,1.29238,1.50,1.50
2012.06.06 08:03:20.979,1.29198,1.2923,3.00,2.48
2012.06.06 08:03:21.411,1.29198,1.2923,3.00,2.48
2012.06.06 08:03:21.685,1.29198,1.2923,3.00,2.48
2012.06.06 08:03:21.952,1.29194,1.29234,3.22,1.50
2012.06.06 08:03:22.264,1.292,1.29234,1.50,1.50
2012.06.06 08:03:23.902,1.29202,1.29239,1.50,1.50
2012.06.06 08:03:24.354,1.29212,1.29247,1.50,1.50
2012.06.06 08:03:24.803,1.2921,1.29243,1.50,1.50
2012.06.06 08:03:25.145,1.29217,1.29248,1.50,2.25
2012.06.06 08:03:25.362,1.2921,1.29244,1.50,1.50
2012.06.06 08:03:25.493,1.2921,1.29242,1.50,1.50
2012.06.06 08:03:25.631,1.29207,1.29245,1.72,2.25
2012.06.06 08:03:26.033,1.29207,1.29245,1.72,2.25
2012.06.06 08:03:26.828,1.29212,1.29242,1.50,1.50
2012.06.06 08:03:29.004,1.29207,1.29242,3.23,1.50
2012.06.06 08:03:29.142,1.29207,1.29242,1.50,1.50
2012.06.06 08:03:29.429,1.29206,1.29241,1.50,3.00
2012.06.06 08:03:29.851,1.29204,1.2924,1.50,2.25
2012.06.06 08:03:30.648,1.29207,1.29242,1.50,3.23
2012.06.06 08:03:30.992,1.29204,1.29242,1.50,3.23
2012.06.06 08:03:31.194,1.29204,1.29242,1.50,3.23
2012.06.06 08:03:31.635,1.29201,1.29242,1.72,3.23
2012.06.06 08:03:31.783,1.29204,1.29242,1.50,3.23
2012.06.06 08:03:32.044,1.29207,1.29245,1.50,2.25
2012.06.06 08:03:32.747,1.29207,1.29239,1.50,1.50
2012.06.06 08:03:33.197,1.29204,1.29239,1.50,1.50
2012.06.06 08:03:33.685,1.29206,1.29241,2.25,2.10
2012.06.06 08:03:34.028,1.2923,1.29256,3.45,1.28
2012.06.06 08:03:34.178,1.2923,1.29256,3.45,1.58
2012.06.06 08:03:34.863,1.2923,1.29261,1.72,1.43
2012.06.06 08:03:34.946,1.29229,1.2925,1.50,1.50
2012.06.06 08:03:35.096,1.29228,1.29251,1.13,1.50
2012.06.06 08:03:35.174,1.29228,1.29256,1.13,2.25
2012.06.06 08:03:35.247,1.29228,1.29256,1.13,2.25
2012.06.06 08:03:35.395,1.29224,1.29256,1.35,2.25
2012.06.06 08:03:35.806,1.29223,1.29256,1.13,2.63
2012.06.06 08:03:35.886,1.29223,1.29256,1.13,1.13
2012.06.06 08:03:35.967,1.29223,1.29256,1.13,1.13
2012.06.06 08:03:36.326,1.29227,1.29257,1.73,1.13
2012.06.06 08:03:36.476,1.29223,1.29257,1.88,1.13
2012.06.06 08:03:36.945,1.29228,1.29251,1.88,1.50
2012.06.06 08:03:37.298,1.29235,1.2927,1.35,2.25
2012.06.06 08:03:37.377,1.29235,1.2927,1.35,2.25
2012.06.06 08:03:37.726,1.2925,1.29277,1.50,2.18
2012.06.06 08:03:37.805,1.2925,1.29274,1.50,2.25
2012.06.06 08:03:37.884,1.2925,1.29274,1.50,2.25
2012.06.06 08:03:38.162,1.29244,1.29274,1.50,2.25
2012.06.06 08:03:39.022,1.29239,1.29276,1.50,1.13
2012.06.06 08:03:39.237,1.29239,1.29275,1.88,2.25
2012.06.06 08:03:39.586,1.29239,1.29276,1.50,1.13
2012.06.06 08:03:39.666,1.29239,1.29273,1.50,2.25
2012.06.06 08:03:39.746,1.29238,1.29272,1.50,2.25
2012.06.06 08:03:39.825,1.29238,1.29272,1.50,2.25
2012.06.06 08:03:40.175,1.29236,1.29265,1.50,1.50
2012.06.06 08:03:40.881,1.29237,1.29269,1.50,2.25
2012.06.06 08:03:41.306,1.29233,1.29271,4.50,1.50
2012.06.06 08:03:41.390,1.29233,1.29272,6.75,2.25
2012.06.06 08:03:41.469,1.29239,1.29269,1.50,1.50
2012.06.06 08:03:41.815,1.29238,1.29269,4.50,2.25
2012.06.06 08:03:43.515,1.29233,1.29267,1.50,2.25
2012.06.06 08:03:45.478,1.29237,1.2927,1.50,2.25
2012.06.06 08:03:45.819,1.29251,1.2927,1.95,1.50
2012.06.06 08:03:45.951,1.29251,1.2927,3.60,1.50
2012.06.06 08:03:46.023,1.29251,1.29276,3.60,1.13
2012.06.06 08:03:46.212,1.29253,1.29276,2.85,1.13
2012.06.06 08:03:46.353,1.29249,1.29277,3.00,1.13
2012.06.06 08:03:46.773,1.29241,1.29276,2.10,3.38
2012.06.06 08:03:47.324,1.29241,1.29273,2.25,2.25
2012.06.06 08:03:47.652,1.29241,1.29276,1.13,1.13
2012.06.06 08:03:48.148,1.29242,1.29277,1.13,1.13
2012.06.06 08:03:48.228,1.29245,1.29273,1.13,2.25
2012.06.06 08:03:48.848,1.29238,1.29276,1.12,1.50
2012.06.06 08:03:49.279,1.29237,1.29265,1.13,1.50
2012.06.06 08:03:49.353,1.29234,1.29265,1.13,1.50
2012.06.06 08:03:49.423,1.29233,1.29267,1.50,2.25
2012.06.06 08:03:49.495,1.29233,1.29269,1.50,1.50
2012.06.06 08:03:49.572,1.29233,1.29272,1.50,1.50
2012.06.06 08:03:49.642,1.29232,1.29271,1.50,1.50
2012.06.06 08:03:49.715,1.29233,1.29266,1.50,1.50
2012.06.06 08:03:49.923,1.29233,1.29269,1.50,1.50
2012.06.06 08:03:50.064,1.29233,1.29269,1.50,2.25
2012.06.06 08:03:50.203,1.29232,1.29269,1.50,2.25
2012.06.06 08:03:50.706,1.29234,1.2927,1.50,1.73
2012.06.06 08:03:50.924,1.29241,1.29273,1.50,2.25
2012.06.06 08:03:50.997,1.29241,1.29276,3.75,1.50
2012.06.06 08:03:51.538,1.29241,1.29272,1.65,1.50
2012.06.06 08:03:51.612,1.29241,1.29272,1.65,2.25
2012.06.06 08:03:51.755,1.29241,1.29272,1.50,2.25
2012.06.06 08:03:52.281,1.29238,1.29276,2.25,1.50
2012.06.06 08:03:52.676,1.29238,1.29277,2.25,1.13
2012.06.06 08:03:54.563,1.29237,1.29277,1.50,1.88
2012.06.06 08:03:55.033,1.29234,1.29271,1.50,1.50
2012.06.06 08:03:55.243,1.29233,1.29271,1.50,1.50
2012.06.06 08:03:55.513,1.29233,1.29272,3.00,1.50
2012.06.06 08:03:55.924,1.29235,1.29273,3.00,1.50
2012.06.06 08:03:56.417,1.29235,1.29276,2.25,1.13
2012.06.06 08:03:56.765,1.29243,1.29277,2.48,1.13
2012.06.06 08:03:56.847,1.2924,1.29276,2.25,1.13
2012.06.06 08:03:57.192,1.2924,1.29276,1.50,1.13
2012.06.06 08:03:57.544,1.29238,1.29276,2.48,1.13
2012.06.06 08:03:57.744,1.29237,1.29276,1.13,1.13
2012.06.06 08:03:58.024,1.29236,1.29273,1.50,1.50
2012.06.06 08:03:58.753,1.29236,1.29273,1.50,1.50
2012.06.06 08:03:58.826,1.29236,1.29273,1.50,1.50
2012.06.06 08:03:59.117,1.29233,1.29269,1.50,1.13
2012.06.06 08:03:59.197,1.29232,1.29269,1.88,1.13
2012.06.06 08:03:59.554,1.29248,1.29276,1.13,2.25
2012.06.06 08:03:59.905,1.29254,1.29277,1.13,1.13
2012.06.06 08:03:59.985,1.29248,1.29277,3.22,1.13
2012.06.06 08:04:00.557,1.29245,1.29277,1.72,1.88
2012.06.06 08:04:00.637,1.2924,1.29276,1.50,1.13
2012.06.06 08:04:00.992,1.29233,1.29272,2.47,1.50
2012.06.06 08:04:01.404,1.29233,1.29273,2.25,1.50
2012.06.06 08:04:01.471,1.29233,1.29273,3.75,1.50
2012.06.06 08:04:01.734,1.29235,1.29273,1.72,1.50
2012.06.06 08:04:02.243,1.29235,1.29273,1.50,1.50
2012.06.06 08:04:02.924,1.29237,1.29273,1.50,1.50
2012.06.06 08:04:03.753,1.29233,1.29273,2.47,1.50
2012.06.06 08:04:03.830,1.29235,1.29276,2.47,1.88
2012.06.06 08:04:04.176,1.29242,1.29276,1.35,1.13
2012.06.06 08:04:04.523,1.29256,1.29276,1.73,1.13
2012.06.06 08:04:05.067,1.29261,1.29276,1.50,1.13
2012.06.06 08:04:05.758,1.29259,1.29276,1.13,1.13
2012.06.06 08:04:06.042,1.29259,1.29276,1.13,1.13
2012.06.06 08:04:06.251,1.29254,1.29276,1.72,1.13
2012.06.06 08:04:06.323,1.29248,1.29276,1.72,1.13
2012.06.06 08:04:06.709,1.29253,1.29276,1.13,1.13
2012.06.06 08:04:06.995,1.29254,1.29277,1.50,1.13
2012.06.06 08:04:07.075,1.29253,1.29277,2.10,1.13
2012.06.06 08:04:07.228,1.29273,1.29291,1.50,2.25
2012.06.06 08:04:07.307,1.29278,1.29291,2.10,2.25
2012.06.06 08:04:07.655,1.29274,1.29297,1.13,1.13
2012.06.06 08:04:07.802,1.29274,1.29297,1.13,1.13
2012.06.06 08:04:07.875,1.29274,1.29297,1.13,1.13
2012.06.06 08:04:08.014,1.29269,1.29297,2.55,1.13
2012.06.06 08:04:08.415,1.29269,1.29297,2.55,1.13
2012.06.06 08:04:08.870,1.29267,1.29297,1.13,1.13
2012.06.06 08:04:09.285,1.2926,1.29292,1.50,2.63
2012.06.06 08:04:09.695,1.29251,1.29292,1.50,2.63
2012.06.06 08:04:09.764,1.29252,1.29289,2.25,1.50
2012.06.06 08:04:11.926,1.29253,1.29289,1.50,1.50
2012.06.06 08:04:12.272,1.29256,1.29296,1.50,3.00
2012.06.06 08:04:12.763,1.29256,1.29296,1.72,2.63
2012.06.06 08:04:13.105,1.29262,1.29297,1.13,1.13
2012.06.06 08:04:13.370,1.29262,1.29296,1.13,1.13
2012.06.06 08:04:13.573,1.29262,1.29296,1.13,1.13
2012.06.06 08:04:13.788,1.29265,1.29297,1.50,1.13
2012.06.06 08:04:14.255,1.29268,1.29297,1.13,1.13
2012.06.06 08:04:14.332,1.29267,1.29297,2.48,1.13
2012.06.06 08:04:14.475,1.29267,1.29297,2.48,1.13
2012.06.06 08:04:14.552,1.29267,1.29297,2.48,1.13
2012.06.06 08:04:14.757,1.29263,1.29297,1.72,1.13
2012.06.06 08:04:15.043,1.29268,1.29296,2.48,1.13
2012.06.06 08:04:15.113,1.29268,1.29296,2.48,1.13
2012.06.06 08:04:15.524,1.29263,1.29296,2.47,1.13
2012.06.06 08:04:15.665,1.29262,1.29296,1.35,1.13
2012.06.06 08:04:15.746,1.29263,1.29297,2.10,1.13
2012.06.06 08:04:16.092,1.29268,1.29296,1.72,1.13
2012.06.06 08:04:16.236,1.29274,1.29296,2.10,1.13
2012.06.06 08:04:16.316,1.29274,1.29297,2.10,1.13
2012.06.06 08:04:16.463,1.29269,1.29297,1.50,1.13
2012.06.06 08:04:17.497,1.29267,1.29296,2.85,1.13
2012.06.06 08:04:18.791,1.29264,1.29296,1.13,1.13
2012.06.06 08:04:19.933,1.29258,1.29293,1.72,1.50
2012.06.06 08:04:20.217,1.29264,1.29292,1.13,2.25
2012.06.06 08:04:21.957,1.2926,1.29294,1.35,1.50
2012.06.06 08:04:22.316,1.2925,1.29292,2.25,1.13
2012.06.06 08:04:22.464,1.2925,1.29287,2.47,1.50
2012.06.06 08:04:23.384,1.29251,1.29287,1.50,1.50
2012.06.06 08:04:24.353,1.29246,1.29287,3.00,1.50
2012.06.06 08:04:25.992,1.29251,1.29287,1.50,1.50
2012.06.06 08:04:26.630,1.29248,1.2929,2.48,2.25
2012.06.06 08:04:27.188,1.29248,1.2929,2.48,2.25
2012.06.06 08:04:28.619,1.29251,1.29287,1.50,1.50
2012.06.06 08:04:31.735,1.29253,1.29287,1.50,1.50
2012.06.06 08:04:31.812,1.29254,1.29288,3.00,1.50
2012.06.06 08:04:31.886,1.29251,1.29281,3.38,1.50
2012.06.06 08:04:32.035,1.29251,1.29281,1.88,1.50
2012.06.06 08:04:32.114,1.29248,1.29281,3.22,1.50
2012.06.06 08:04:32.477,1.29251,1.2928,2.25,1.50
2012.06.06 08:04:32.554,1.29251,1.29281,2.25,1.50
2012.06.06 08:04:32.623,1.29256,1.29281,1.50,1.50
2012.06.06 08:04:32.976,1.29249,1.2928,1.50,1.50
2012.06.06 08:04:33.184,1.29249,1.29278,1.50,1.50
2012.06.06 08:04:33.593,1.2925,1.2928,1.50,1.50
2012.06.06 08:04:33.675,1.29248,1.29281,2.47,1.50
2012.06.06 08:04:33.753,1.29248,1.29277,1.72,1.50
2012.06.06 08:04:33.964,1.29247,1.2928,1.50,1.50
2012.06.06 08:04:34.105,1.29247,1.2928,1.50,1.50
2012.06.06 08:04:34.174,1.29247,1.29279,1.50,1.50
2012.06.06 08:04:34.248,1.29244,1.29279,1.13,1.50
2012.06.06 08:04:34.325,1.29249,1.29277,1.50,1.50
2012.06.06 08:04:34.582,1.29243,1.29276,1.50,1.50
2012.06.06 08:04:36.095,1.29242,1.29276,2.25,1.50
2012.06.06 08:04:36.171,1.29239,1.29276,2.25,1.50
2012.06.06 08:04:36.423,1.29242,1.29276,1.50,1.50
2012.06.06 08:04:36.552,1.2924,1.29275,1.50,1.50
2012.06.06 08:04:36.694,1.29239,1.29275,2.25,1.50
2012.06.06 08:04:36.991,1.29239,1.29275,1.50,1.50
2012.06.06 08:04:39.341,1.29238,1.29274,1.13,1.50
2012.06.06 08:04:42.112,1.29238,1.29274,1.13,3.00
2012.06.06 08:04:42.735,1.29238,1.29273,1.13,1.50
2012.06.06 08:04:43.071,1.29236,1.29273,1.50,1.50
2012.06.06 08:04:43.145,1.29236,1.29273,2.25,1.50
2012.06.06 08:04:43.521,1.2925,1.29274,2.10,2.25
2012.06.06 08:04:43.597,1.29237,1.2927,2.47,1.50
2012.06.06 08:04:43.671,1.29237,1.2927,1.72,1.50
2012.06.06 08:04:43.744,1.29237,1.2927,2.47,1.50
2012.06.06 08:04:43.814,1.29237,1.2927,1.35,1.50
2012.06.06 08:04:43.885,1.29242,1.29277,2.10,1.50
2012.06.06 08:04:43.954,1.29242,1.29277,1.73,1.50
2012.06.06 08:04:44.092,1.29239,1.2927,1.50,1.50
2012.06.06 08:04:45.714,1.2924,1.2927,2.10,1.50
2012.06.06 08:04:46.151,1.2924,1.29276,2.10,1.50
2012.06.06 08:04:46.294,1.29248,1.29283,2.10,3.00
2012.06.06 08:04:46.483,1.29248,1.29282,2.10,2.25
2012.06.06 08:04:47.151,1.29248,1.2928,2.10,2.25
2012.06.06 08:04:47.732,1.29248,1.2928,2.10,2.25
2012.06.06 08:04:48.537,1.29248,1.2928,2.10,2.25
2012.06.06 08:04:48.896,1.29249,1.2928,2.10,2.25
2012.06.06 08:04:50.707,1.29249,1.29285,2.48,3.00
2012.06.06 08:04:51.699,1.29262,1.29288,2.10,1.50
2012.06.06 08:04:51.904,1.29262,1.29295,2.33,2.25
2012.06.06 08:04:52.363,1.29267,1.29296,3.60,1.13
2012.06.06 08:04:52.680,1.29267,1.29296,1.73,1.13
2012.06.06 08:04:53.181,1.29256,1.29289,1.57,1.50
2012.06.06 08:04:53.984,1.29255,1.29284,1.72,1.50
2012.06.06 08:04:54.715,1.29255,1.29291,2.10,1.50
2012.06.06 08:04:57.889,1.29255,1.2929,1.13,1.50
2012.06.06 08:04:58.486,1.29255,1.2929,1.88,1.50
2012.06.06 08:04:59.542,1.2925,1.29283,3.00,1.50
2012.06.06 08:04:59.892,1.29262,1.29294,2.48,2.25
2012.06.06 08:05:00.807,1.29259,1.29289,1.50,1.50
2012.06.06 08:05:00.958,1.29258,1.29291,1.13,2.25
2012.06.06 08:05:01.246,1.29255,1.2929,1.13,2.25
2012.06.06 08:05:01.463,1.29254,1.29294,1.50,2.25
2012.06.06 08:05:01.818,1.2926,1.29291,2.25,1.50
2012.06.06 08:05:02.163,1.29264,1.29292,1.13,2.25
2012.06.06 08:05:02.306,1.29261,1.2929,1.72,1.50
2012.06.06 08:05:02.516,1.29263,1.29297,1.50,1.88
2012.06.06 08:05:03.591,1.29257,1.29288,1.50,1.50
2012.06.06 08:05:03.669,1.29257,1.29297,1.50,1.13
2012.06.06 08:05:04.212,1.29265,1.29298,1.13,1.88
2012.06.06 08:05:04.741,1.29264,1.29297,1.13,1.13
2012.06.06 08:05:06.002,1.29268,1.29297,1.88,1.13
2012.06.06 08:05:06.423,1.29266,1.29297,1.88,1.13
2012.06.06 08:05:06.503,1.29266,1.29296,1.13,2.63
2012.06.06 08:05:13.215,1.29266,1.29296,1.13,1.13
2012.06.06 08:05:13.553,1.29268,1.29296,2.85,1.13
2012.06.06 08:05:13.833,1.29268,1.29296,2.48,1.13
2012.06.06 08:05:13.976,1.29267,1.29296,1.50,1.13
2012.06.06 08:05:14.125,1.29267,1.29296,1.35,1.13
2012.06.06 08:05:14.453,1.29272,1.29296,2.10,1.13
2012.06.06 08:05:15.182,1.29272,1.29296,1.73,1.13
2012.06.06 08:05:15.453,1.29268,1.29296,1.50,1.13
2012.06.06 08:05:16.177,1.29266,1.29296,2.48,1.13
2012.06.06 08:05:17.044,1.29267,1.29296,1.13,1.13
2012.06.06 08:05:17.232,1.29264,1.29297,2.63,1.13
2012.06.06 08:05:17.875,1.29269,1.29297,1.50,1.13
2012.06.06 08:05:18.011,1.29269,1.29297,2.25,1.13
2012.06.06 08:05:18.218,1.29274,1.29297,2.10,1.13
2012.06.06 08:05:18.643,1.29274,1.29296,1.88,1.13
2012.06.06 08:05:19.252,1.29269,1.29296,1.50,1.13
2012.06.06 08:05:19.535,1.29269,1.29296,1.50,1.13
2012.06.06 08:05:19.850,1.29269,1.29296,1.88,1.13
2012.06.06 08:05:19.985,1.29271,1.29296,1.50,1.13
2012.06.06 08:05:22.662,1.29272,1.29299,1.50,1.13
2012.06.06 08:05:23.223,1.29275,1.29299,1.13,1.13
2012.06.06 08:05:23.874,1.29287,1.29306,2.48,1.28
2012.06.06 08:05:23.949,1.2928,1.29302,1.50,1.13
2012.06.06 08:05:24.023,1.29283,1.29302,1.50,1.13
2012.06.06 08:05:24.232,1.29279,1.29302,1.50,1.13
2012.06.06 08:05:24.573,1.29283,1.29302,1.50,1.13
2012.06.06 08:05:25.222,1.29281,1.29302,1.50,1.13
2012.06.06 08:05:25.292,1.29269,1.29302,1.13,1.13
2012.06.06 08:05:25.820,1.29269,1.29298,1.13,1.13
2012.06.06 08:05:27.581,1.29268,1.29298,2.10,1.13
2012.06.06 08:05:27.711,1.29269,1.29298,1.50,1.13
2012.06.06 08:05:28.241,1.29275,1.29302,2.10,1.13
2012.06.06 08:05:28.566,1.29275,1.29302,2.85,1.13
2012.06.06 08:05:28.962,1.29281,1.29303,1.13,1.13
2012.06.06 08:05:29.225,1.2928,1.29302,2.48,1.13
2012.06.06 08:05:30.391,1.29276,1.29303,1.88,1.13
2012.06.06 08:05:30.672,1.29281,1.29302,1.13,1.13
2012.06.06 08:05:31.064,1.29276,1.293,1.50,1.13
2012.06.06 08:05:31.449,1.29279,1.29303,1.13,1.13
2012.06.06 08:05:32.337,1.29279,1.29319,1.13,2.10
2012.06.06 08:05:32.416,1.29277,1.29319,3.98,1.35
2012.06.06 08:05:32.814,1.29277,1.29313,2.25,2.48
2012.06.06 08:05:32.953,1.29275,1.29309,1.50,2.25
2012.06.06 08:05:36.775,1.29276,1.29312,1.50,2.48
2012.06.06 08:05:36.911,1.29274,1.29312,1.35,2.48
2012.06.06 08:05:37.104,1.29278,1.29314,2.48,2.48
2012.06.06 08:05:37.247,1.29278,1.29314,2.70,2.48
2012.06.06 08:05:37.328,1.29277,1.29316,1.35,1.28
2012.06.06 08:05:37.883,1.29277,1.29316,1.72,1.28
2012.06.06 08:05:41.231,1.29276,1.29301,2.10,1.50
2012.06.06 08:05:41.314,1.29276,1.29301,1.72,1.50
2012.06.06 08:05:41.685,1.29274,1.29307,1.72,2.25
2012.06.06 08:05:42.105,1.29269,1.29308,1.35,2.25
2012.06.06 08:05:42.253,1.29267,1.29303,1.50,1.50
2012.06.06 08:05:42.464,1.29278,1.29303,1.73,2.48
2012.06.06 08:05:42.606,1.29278,1.29311,1.73,2.25
2012.06.06 08:05:42.689,1.29278,1.29311,1.13,2.25
2012.06.06 08:05:42.765,1.2927,1.2931,1.35,1.50
2012.06.06 08:05:42.843,1.2927,1.29306,1.13,1.13
2012.06.06 08:05:43.185,1.29269,1.293,1.80,2.25
2012.06.06 08:05:43.559,1.29269,1.293,1.80,2.25
2012.06.06 08:05:43.636,1.29269,1.29294,2.55,2.48
2012.06.06 08:05:43.988,1.29269,1.29298,2.55,1.50
2012.06.06 08:05:44.135,1.29266,1.29292,1.72,1.50
2012.06.06 08:05:44.291,1.29262,1.29299,1.50,3.00
2012.06.06 08:05:44.430,1.2926,1.29299,1.88,3.00
2012.06.06 08:05:45.014,1.2926,1.29296,1.50,1.50
2012.06.06 08:05:45.462,1.29262,1.29298,1.50,1.50
2012.06.06 08:05:45.805,1.29262,1.29301,1.72,2.25
2012.06.06 08:05:46.291,1.2926,1.29299,2.25,1.50
2012.06.06 08:05:46.368,1.29257,1.29299,3.75,1.50
2012.06.06 08:05:46.966,1.29257,1.29293,2.25,1.50
2012.06.06 08:05:47.043,1.29255,1.29293,2.47,3.98
2012.06.06 08:05:47.171,1.29255,1.29293,1.72,3.23
2012.06.06 08:05:47.313,1.29255,1.29293,1.72,2.48
2012.06.06 08:05:47.642,1.29257,1.29293,3.00,2.48
2012.06.06 08:05:48.065,1.29259,1.29294,2.47,2.48
2012.06.06 08:05:48.214,1.2927,1.29298,1.50,1.50
2012.06.06 08:05:48.744,1.29266,1.29302,1.50,2.25
2012.06.06 08:05:49.096,1.29266,1.29297,1.72,1.50
2012.06.06 08:05:49.991,1.29266,1.29299,1.50,1.50
2012.06.06 08:05:51.382,1.29266,1.29298,1.50,1.50
2012.06.06 08:05:51.851,1.29266,1.293,1.50,2.25
2012.06.06 08:05:52.121,1.29266,1.293,1.50,2.63
2012.06.06 08:05:52.192,1.29266,1.293,1.50,2.25
2012.06.06 08:05:52.692,1.29286,1.29306,1.50,1.50
2012.06.06 08:05:52.764,1.29286,1.29311,1.50,2.25
2012.06.06 08:05:52.894,1.29271,1.29311,1.88,2.25
2012.06.06 08:05:53.043,1.29271,1.29303,1.88,1.50
2012.06.06 08:05:53.360,1.29271,1.29311,1.88,2.63
2012.06.06 08:05:55.470,1.2927,1.29306,1.50,1.50
2012.06.06 08:05:55.547,1.2927,1.29306,1.50,1.50
2012.06.06 08:05:56.454,1.2927,1.29306,1.50,1.50
2012.06.06 08:05:57.517,1.29282,1.29308,1.50,2.25
2012.06.06 08:05:57.594,1.29282,1.29316,1.50,2.78
2012.06.06 08:05:57.663,1.29282,1.29316,1.50,2.78
2012.06.06 08:05:57.862,1.29282,1.29306,1.50,1.50
2012.06.06 08:05:59.129,1.29272,1.29306,1.50,1.50
2012.06.06 08:05:59.210,1.29272,1.29304,1.50,1.50
2012.06.06 08:06:00.420,1.29268,1.29304,1.50,1.88
2012.06.06 08:06:01.079,1.29268,1.29304,1.50,1.88
2012.06.06 08:06:01.150,1.29268,1.29304,1.50,1.50
2012.06.06 08:06:01.544,1.29272,1.29304,1.50,1.50
2012.06.06 08:06:02.122,1.29272,1.29302,1.50,1.50
2012.06.06 08:06:02.439,1.29272,1.29299,1.50,1.50
2012.06.06 08:06:03.782,1.29271,1.29303,1.13,1.50
2012.06.06 08:06:03.853,1.29271,1.29303,1.13,1.50
2012.06.06 08:06:04.053,1.29267,1.29302,1.13,2.25
2012.06.06 08:06:04.382,1.29272,1.293,1.88,1.50
2012.06.06 08:06:04.525,1.2927,1.29305,1.50,1.50
2012.06.06 08:06:04.598,1.29272,1.29309,1.13,1.50
2012.06.06 08:06:05.143,1.29272,1.29309,1.88,2.25
2012.06.06 08:06:05.274,1.29272,1.29306,1.50,1.50
2012.06.06 08:06:05.619,1.29272,1.29304,1.50,1.50
2012.06.06 08:06:05.824,1.29272,1.29308,1.50,1.50
2012.06.06 08:06:05.953,1.29267,1.29308,2.10,2.25
2012.06.06 08:06:07.600,1.29267,1.29304,1.50,2.25
2012.06.06 08:06:12.934,1.29269,1.29306,1.50,2.25
2012.06.06 08:06:13.251,1.29271,1.29306,1.50,1.50
2012.06.06 08:06:13.523,1.29271,1.29302,1.50,1.50
2012.06.06 08:06:13.593,1.29268,1.29302,1.50,2.25
2012.06.06 08:06:13.801,1.29274,1.2931,1.50,2.25
2012.06.06 08:06:13.935,1.29274,1.29311,1.50,1.50
2012.06.06 08:06:14.429,1.29277,1.29316,1.50,2.40
2012.06.06 08:06:14.863,1.2928,1.29316,1.50,2.40
2012.06.06 08:06:15.196,1.29285,1.29314,3.23,1.65
2012.06.06 08:06:15.734,1.29276,1.29313,1.72,1.65
2012.06.06 08:06:16.305,1.29273,1.29305,1.50,1.50
2012.06.06 08:06:16.374,1.29273,1.29305,1.50,1.50
2012.06.06 08:06:16.691,1.29273,1.29308,1.50,1.50
2012.06.06 08:06:16.765,1.29273,1.29311,1.50,1.50
2012.06.06 08:06:17.982,1.29273,1.29311,1.50,1.50
2012.06.06 08:06:18.053,1.29273,1.29306,1.50,1.50
2012.06.06 08:06:18.312,1.29273,1.29311,1.50,1.50
2012.06.06 08:06:18.823,1.29273,1.29313,1.50,1.65
2012.06.06 08:06:20.092,1.29273,1.29309,1.50,1.50
2012.06.06 08:06:21.224,1.29266,1.29309,1.35,2.25
2012.06.06 08:06:21.296,1.29266,1.29304,1.35,2.48
2012.06.06 08:06:21.375,1.29266,1.29304,1.35,2.48
2012.06.06 08:06:21.733,1.29264,1.29286,1.50,2.48
2012.06.06 08:06:22.087,1.29266,1.29293,1.50,1.50
2012.06.06 08:06:22.163,1.29264,1.29293,1.50,1.50
2012.06.06 08:06:22.236,1.29261,1.29293,3.00,1.50
2012.06.06 08:06:22.753,1.29261,1.29293,1.13,1.50
2012.06.06 08:06:22.822,1.29261,1.29293,1.13,1.50
2012.06.06 08:06:23.343,1.29261,1.29299,1.50,1.50
2012.06.06 08:06:23.413,1.29261,1.293,1.50,3.98
2012.06.06 08:06:23.813,1.29259,1.29297,2.25,2.48
2012.06.06 08:06:23.882,1.29259,1.29296,2.25,1.50
2012.06.06 08:06:23.953,1.29256,1.29291,2.63,1.50
2012.06.06 08:06:24.649,1.29253,1.29289,3.22,2.48
2012.06.06 08:06:26.840,1.29254,1.29289,2.25,1.73
2012.06.06 08:06:26.918,1.29257,1.29293,2.25,1.50
2012.06.06 08:06:32.111,1.29252,1.29293,2.25,1.50
2012.06.06 08:06:32.441,1.29256,1.29295,1.13,2.48
2012.06.06 08:06:33.036,1.29256,1.29298,1.13,2.48
2012.06.06 08:06:38.503,1.29251,1.29294,3.38,1.50
2012.06.06 08:06:40.983,1.29258,1.29298,2.25,2.48
2012.06.06 08:06:41.055,1.29258,1.29298,2.63,2.48
2012.06.06 08:06:41.122,1.29258,1.29294,2.63,1.50
2012.06.06 08:06:41.643,1.29256,1.29294,1.50,1.50
2012.06.06 08:06:42.720,1.29258,1.29301,1.13,2.25
2012.06.06 08:06:42.921,1.2926,1.29294,2.25,1.50
2012.06.06 08:06:43.437,1.29256,1.29294,1.50,1.50
2012.06.06 08:06:43.773,1.29261,1.29294,1.88,1.50
2012.06.06 08:06:43.984,1.29263,1.29302,1.13,2.25
2012.06.06 08:06:45.133,1.2927,1.29305,1.13,2.63
2012.06.06 08:06:45.404,1.2927,1.29305,1.13,2.63
2012.06.06 08:06:45.477,1.29267,1.29305,1.50,2.63
2012.06.06 08:06:45.623,1.29271,1.29305,1.13,2.63
2012.06.06 08:06:47.189,1.29258,1.29304,3.00,2.25
2012.06.06 08:06:47.270,1.29258,1.29296,2.25,2.25
2012.06.06 08:06:47.833,1.29261,1.29291,2.25,1.50
2012.06.06 08:06:48.044,1.29263,1.29304,1.13,3.75
2012.06.06 08:06:48.115,1.29263,1.29304,1.13,3.75
2012.06.06 08:06:48.453,1.29266,1.29305,1.50,1.13
2012.06.06 08:06:49.035,1.29263,1.29304,1.13,2.25
2012.06.06 08:06:49.716,1.29263,1.29304,1.13,2.25
2012.06.06 08:06:50.471,1.29263,1.29304,1.13,2.25
2012.06.06 08:06:50.955,1.29266,1.29304,1.50,2.25
2012.06.06 08:06:51.023,1.2927,1.29306,1.88,1.13
2012.06.06 08:06:51.152,1.2927,1.29303,1.13,1.50
2012.06.06 08:06:51.708,1.29265,1.29301,1.50,1.50
2012.06.06 08:06:52.100,1.29261,1.29301,1.50,1.50
2012.06.06 08:06:52.171,1.29261,1.29304,1.50,2.25
2012.06.06 08:06:52.712,1.29261,1.293,1.50,1.50
2012.06.06 08:06:52.931,1.29261,1.29304,1.50,2.25
2012.06.06 08:06:53.752,1.29267,1.29305,1.50,1.13
2012.06.06 08:06:54.660,1.29272,1.29305,1.50,1.13
2012.06.06 08:06:54.935,1.2928,1.29305,1.13,1.13
2012.06.06 08:06:55.283,1.29273,1.29305,1.13,1.13
2012.06.06 08:06:56.138,1.29273,1.29305,1.13,1.13
2012.06.06 08:06:56.283,1.29273,1.29314,1.13,2.40
2012.06.06 08:06:56.352,1.29273,1.29313,1.13,2.40
2012.06.06 08:06:56.481,1.29277,1.29313,1.13,2.40
2012.06.06 08:06:56.682,1.29277,1.29315,1.13,1.65
2012.06.06 08:06:56.881,1.29275,1.2931,1.50,1.50
2012.06.06 08:06:56.951,1.29275,1.29309,1.50,1.50
2012.06.06 08:06:57.274,1.29278,1.29316,1.13,2.78
2012.06.06 08:06:57.473,1.29276,1.29313,1.50,1.65
2012.06.06 08:06:57.675,1.29274,1.29309,1.50,2.25
2012.06.06 08:06:57.757,1.29276,1.29309,1.50,2.25
2012.06.06 08:06:59.224,1.29274,1.2931,1.50,1.50
2012.06.06 08:06:59.290,1.29273,1.2931,1.13,1.50
2012.06.06 08:06:59.710,1.29275,1.29316,2.48,1.28
2012.06.06 08:07:01.313,1.29273,1.29312,1.50,2.40
2012.06.06 08:07:01.453,1.29273,1.29312,1.13,3.15
2012.06.06 08:07:02.194,1.29276,1.29316,2.25,2.03
2012.06.06 08:07:02.545,1.29276,1.29312,2.25,1.65
2012.06.06 08:07:02.755,1.29275,1.29312,2.25,1.65
2012.06.06 08:07:02.893,1.29273,1.29312,1.13,1.65
2012.06.06 08:07:03.246,1.29276,1.29317,2.25,3.45
2012.06.06 08:07:03.327,1.29274,1.29318,2.47,1.73
2012.06.06 08:07:03.475,1.29273,1.29311,2.47,1.50
2012.06.06 08:07:03.614,1.29276,1.2931,1.13,1.50
2012.06.06 08:07:04.151,1.29273,1.29311,1.13,1.50
2012.06.06 08:07:04.521,1.29272,1.29304,1.88,1.50
2012.06.06 08:07:04.844,1.29272,1.29303,1.13,1.50
2012.06.06 08:07:05.054,1.29264,1.29302,3.22,3.23
2012.06.06 08:07:05.193,1.29272,1.29303,1.13,1.50
2012.06.06 08:07:05.263,1.29267,1.29303,2.47,1.50
2012.06.06 08:07:05.463,1.29271,1.29303,2.25,1.50
2012.06.06 08:07:06.182,1.29271,1.29298,1.50,1.50
2012.06.06 08:07:06.254,1.29271,1.29297,1.50,1.50
2012.06.06 08:07:06.652,1.29275,1.29297,1.50,1.50
2012.06.06 08:07:07.643,1.29271,1.29295,1.50,1.50
2012.06.06 08:07:08.302,1.29268,1.29295,1.50,1.50
2012.06.06 08:07:08.445,1.29259,1.29295,2.47,1.50
2012.06.06 08:07:08.515,1.29259,1.29293,1.50,1.50
2012.06.06 08:07:09.045,1.29265,1.29294,2.25,1.50
2012.06.06 08:07:09.563,1.29266,1.2929,1.50,1.50
2012.06.06 08:07:10.097,1.29266,1.2929,1.50,1.50
2012.06.06 08:07:10.174,1.29263,1.2929,1.50,1.50
2012.06.06 08:07:11.124,1.29264,1.29294,1.50,1.50
2012.06.06 08:07:11.406,1.29259,1.2929,1.72,1.50
2012.06.06 08:07:11.871,1.29259,1.29292,1.50,1.50
2012.06.06 08:07:12.204,1.29259,1.29285,1.50,1.13
2012.06.06 08:07:12.274,1.2925,1.29285,1.50,1.13
2012.06.06 08:07:12.775,1.29247,1.29283,2.25,1.50
2012.06.06 08:07:15.164,1.29248,1.29283,1.50,1.50
2012.06.06 08:07:15.541,1.29246,1.29283,2.25,1.50
2012.06.06 08:07:15.735,1.2925,1.29283,1.50,1.50
2012.06.06 08:07:16.061,1.29257,1.29283,1.50,1.50
2012.06.06 08:07:16.490,1.29259,1.29287,1.50,1.50
2012.06.06 08:07:17.638,1.29258,1.29287,3.00,1.50
2012.06.06 08:07:17.978,1.29258,1.29284,1.50,1.50
2012.06.06 08:07:18.055,1.29257,1.29288,1.50,2.48
2012.06.06 08:07:18.192,1.29257,1.29291,1.50,1.50
2012.06.06 08:07:18.332,1.29257,1.2929,1.50,1.50
2012.06.06 08:07:18.408,1.29253,1.2929,1.50,3.23
2012.06.06 08:07:18.556,1.29247,1.2929,1.35,3.23
2012.06.06 08:07:18.637,1.29251,1.2929,1.50,1.50
2012.06.06 08:07:18.717,1.29251,1.29293,2.47,2.25
2012.06.06 08:07:19.063,1.29261,1.29293,1.50,1.50
2012.06.06 08:07:19.521,1.29261,1.29293,1.50,1.50
2012.06.06 08:07:19.599,1.29262,1.29293,1.50,1.50
2012.06.06 08:07:19.673,1.2926,1.29293,1.50,1.50
2012.06.06 08:07:19.878,1.2926,1.29293,1.50,1.50
2012.06.06 08:07:20.088,1.29256,1.29293,1.50,1.50
2012.06.06 08:07:21.903,1.29256,1.29293,1.50,1.50
2012.06.06 08:07:25.506,1.29256,1.29294,2.25,1.50
2012.06.06 08:07:25.728,1.2926,1.29294,1.13,1.50
2012.06.06 08:07:26.202,1.29262,1.29293,1.13,1.50
2012.06.06 08:07:26.340,1.29255,1.29293,3.00,1.50
2012.06.06 08:07:26.731,1.29257,1.29292,1.88,1.50
2012.06.06 08:07:27.074,1.29258,1.29291,1.50,1.50
2012.06.06 08:07:27.536,1.29257,1.29292,2.25,2.48
2012.06.06 08:07:27.621,1.29257,1.29295,1.72,1.50
2012.06.06 08:07:27.967,1.29252,1.29289,3.38,2.48
2012.06.06 08:07:28.047,1.29254,1.29289,1.13,2.48
2012.06.06 08:07:28.126,1.29259,1.29298,1.72,1.50
2012.06.06 08:07:28.665,1.29262,1.29301,2.25,1.50
2012.06.06 08:07:30.520,1.29259,1.29294,2.25,1.50
2012.06.06 08:07:31.055,1.29262,1.29299,2.25,1.50
2012.06.06 08:07:31.724,1.29258,1.29293,2.25,2.48
2012.06.06 08:07:31.796,1.29254,1.29289,1.72,1.50
2012.06.06 08:07:32.138,1.29257,1.29289,1.50,1.50
2012.06.06 08:07:32.483,1.29254,1.29294,2.47,1.50
2012.06.06 08:07:33.244,1.29254,1.29296,2.25,1.50
2012.06.06 08:07:34.214,1.29252,1.29289,2.47,3.75
2012.06.06 08:07:34.554,1.29247,1.29277,2.25,2.48
2012.06.06 08:07:34.622,1.29248,1.29288,1.50,1.50
2012.06.06 08:07:35.250,1.29252,1.29289,1.50,1.50
2012.06.06 08:07:35.461,1.2925,1.29288,2.25,1.50
2012.06.06 08:07:36.881,1.2925,1.29278,2.25,1.73
2012.06.06 08:07:37.204,1.2925,1.29278,2.47,2.48
2012.06.06 08:07:37.696,1.2925,1.29278,2.25,1.73
2012.06.06 08:07:37.773,1.2925,1.29284,2.25,2.48
2012.06.06 08:07:39.224,1.2925,1.29289,3.00,1.50
2012.06.06 08:07:40.223,1.29249,1.29281,2.25,1.73
2012.06.06 08:07:40.555,1.29249,1.29281,1.50,2.48
2012.06.06 08:07:40.694,1.29243,1.29281,2.47,2.48
2012.06.06 08:07:40.763,1.29243,1.29281,2.47,2.48
2012.06.06 08:07:41.399,1.29246,1.29284,2.25,2.25
2012.06.06 08:07:41.490,1.29257,1.29292,2.25,1.50
2012.06.06 08:07:41.876,1.29262,1.29293,1.50,1.50
2012.06.06 08:07:42.095,1.29256,1.29293,2.25,1.50
2012.06.06 08:07:42.493,1.29252,1.29286,3.22,1.50
2012.06.06 08:07:42.564,1.29254,1.29286,1.50,1.50
2012.06.06 08:07:42.881,1.29254,1.29286,1.50,1.50
2012.06.06 08:07:43.132,1.29253,1.29282,1.50,1.73
2012.06.06 08:07:43.203,1.29249,1.29284,2.25,2.25
2012.06.06 08:07:43.413,1.29253,1.29286,1.50,1.50
2012.06.06 08:07:44.579,1.29253,1.29284,1.50,1.50
2012.06.06 08:07:45.091,1.29253,1.29287,1.50,1.50
2012.06.06 08:07:46.565,1.29252,1.29287,1.50,1.50
2012.06.06 08:07:46.881,1.29255,1.29287,1.50,1.50
2012.06.06 08:07:47.537,1.29249,1.29287,2.47,1.50
2012.06.06 08:07:47.610,1.29249,1.29287,2.25,1.50
2012.06.06 08:07:49.238,1.29252,1.29287,1.50,1.50
2012.06.06 08:07:49.384,1.29249,1.29282,1.50,2.48
2012.06.06 08:07:49.520,1.29249,1.29287,2.25,1.50
2012.06.06 08:07:49.720,1.29251,1.29285,2.25,2.85
2012.06.06 08:07:50.075,1.29253,1.29282,2.25,1.73
2012.06.06 08:07:50.143,1.29253,1.29288,2.25,1.50
2012.06.06 08:07:51.001,1.29256,1.29287,2.25,1.50
2012.06.06 08:07:51.074,1.29252,1.29287,2.47,1.50
2012.06.06 08:07:51.493,1.29255,1.29287,1.50,1.50
2012.06.06 08:07:52.116,1.29255,1.29287,2.25,1.50
2012.06.06 08:07:52.193,1.29253,1.29287,2.25,1.50
2012.06.06 08:07:52.564,1.29256,1.29294,2.25,2.25
2012.06.06 08:07:53.518,1.29254,1.29294,2.25,2.25
2012.06.06 08:07:53.598,1.29254,1.29294,2.63,2.25
2012.06.06 08:07:53.674,1.29256,1.2929,2.25,1.50
2012.06.06 08:07:54.194,1.29256,1.29292,1.50,3.00
2012.06.06 08:07:54.713,1.29252,1.2929,2.25,1.50
2012.06.06 08:07:56.141,1.29256,1.29293,1.50,3.23
2012.06.06 08:07:56.703,1.29252,1.2929,1.50,1.50
2012.06.06 08:07:57.294,1.29251,1.29289,1.50,2.25
2012.06.06 08:07:57.736,1.29254,1.2929,1.50,1.50
2012.06.06 08:07:58.247,1.29252,1.29293,1.50,3.23
2012.06.06 08:08:00.225,1.29255,1.29293,1.13,1.50
2012.06.06 08:08:00.362,1.29256,1.29293,2.25,1.50
2012.06.06 08:08:00.432,1.29256,1.29293,2.25,1.50
2012.06.06 08:08:00.775,1.29256,1.29295,3.22,1.13
2012.06.06 08:08:01.446,1.29255,1.29279,2.25,1.50
2012.06.06 08:08:01.527,1.29253,1.29279,2.47,1.50
2012.06.06 08:08:01.745,1.29251,1.2928,1.72,1.73
2012.06.06 08:08:01.811,1.29249,1.29288,2.47,1.50
2012.06.06 08:08:02.015,1.29255,1.29289,2.25,1.50
2012.06.06 08:08:02.596,1.29252,1.29289,2.47,2.25
2012.06.06 08:08:03.098,1.29256,1.29289,2.25,1.50
2012.06.06 08:08:04.212,1.29259,1.29289,1.50,1.50
2012.06.06 08:08:05.435,1.29254,1.29289,1.72,1.50
2012.06.06 08:08:06.066,1.29254,1.29289,1.50,1.50
2012.06.06 08:08:06.271,1.29256,1.29289,1.50,1.50
2012.06.06 08:08:06.625,1.29259,1.29289,1.50,1.50
2012.06.06 08:08:07.210,1.29259,1.29289,1.50,1.50
2012.06.06 08:08:07.444,1.29255,1.29288,1.72,1.50
2012.06.06 08:08:08.503,1.29256,1.29289,1.50,1.50
2012.06.06 08:08:08.576,1.29259,1.29289,1.50,1.50
2012.06.06 08:08:09.004,1.29259,1.29289,1.50,1.88
2012.06.06 08:08:09.072,1.29254,1.29289,1.72,1.88
2012.06.06 08:08:09.402,1.29249,1.29284,1.72,2.48
2012.06.06 08:08:09.533,1.29249,1.29284,1.72,3.23
2012.06.06 08:08:09.851,1.29255,1.29284,1.50,3.23
2012.06.06 08:08:10.401,1.29255,1.29284,1.50,3.23
2012.06.06 08:08:10.532,1.29255,1.29284,1.50,3.23
2012.06.06 08:08:10.805,1.29254,1.29283,1.50,3.23
2012.06.06 08:08:11.433,1.29255,1.29283,1.50,3.23
2012.06.06 08:08:11.741,1.29257,1.29283,1.50,3.23
2012.06.06 08:08:12.084,1.29252,1.29283,1.72,2.48
2012.06.06 08:08:12.152,1.29252,1.29283,1.50,2.48
2012.06.06 08:08:12.473,1.29252,1.29282,1.50,2.48
2012.06.06 08:08:12.616,1.29252,1.29282,1.50,2.48
2012.06.06 08:08:12.766,1.29252,1.29282,1.50,2.48
2012.06.06 08:08:12.845,1.29247,1.29278,2.47,1.50
2012.06.06 08:08:12.921,1.29242,1.29278,2.25,1.50
2012.06.06 08:08:13.002,1.29242,1.29278,2.25,1.50
2012.06.06 08:08:13.418,1.29249,1.2928,1.50,2.48
2012.06.06 08:08:13.778,1.29249,1.29279,1.65,1.50
2012.06.06 08:08:15.784,1.29249,1.29272,1.65,1.73
2012.06.06 08:08:16.482,1.29243,1.29272,1.12,2.48
2012.06.06 08:08:16.943,1.29241,1.29267,2.47,2.48
2012.06.06 08:08:17.014,1.29241,1.29276,1.72,1.50
2012.06.06 08:08:17.084,1.29243,1.29276,1.50,1.50
2012.06.06 08:08:17.152,1.29245,1.29276,1.50,1.50
2012.06.06 08:08:17.291,1.29245,1.29278,1.50,1.88
2012.06.06 08:08:17.434,1.29247,1.29278,1.72,1.50
2012.06.06 08:08:17.784,1.29254,1.29282,1.50,1.13
2012.06.06 08:08:18.301,1.29254,1.29279,1.50,1.50
2012.06.06 08:08:18.381,1.29254,1.29279,1.50,1.50
2012.06.06 08:08:18.459,1.2925,1.29282,1.72,1.13
2012.06.06 08:08:18.721,1.2925,1.29282,1.72,1.88
2012.06.06 08:08:19.062,1.29252,1.29279,1.50,1.50
2012.06.06 08:08:19.565,1.29249,1.29279,2.47,1.50
2012.06.06 08:08:19.910,1.29253,1.29279,1.50,1.50
2012.06.06 08:08:20.267,1.2925,1.29281,1.50,1.50
2012.06.06 08:08:20.403,1.29253,1.29281,1.50,1.50
2012.06.06 08:08:20.881,1.29253,1.29279,1.50,1.50
2012.06.06 08:08:21.202,1.29248,1.29279,1.50,1.50
2012.06.06 08:08:21.475,1.29246,1.29279,1.72,3.23
2012.06.06 08:08:21.752,1.29243,1.29279,1.88,1.50
2012.06.06 08:08:21.822,1.29243,1.29279,2.10,1.50
2012.06.06 08:08:22.152,1.29246,1.29273,1.72,1.50
2012.06.06 08:08:22.283,1.29245,1.29279,1.72,1.50
2012.06.06 08:08:22.494,1.29245,1.29279,1.50,1.50
2012.06.06 08:08:22.683,1.29245,1.29279,1.50,1.50
2012.06.06 08:08:22.942,1.29249,1.29279,1.50,1.50
2012.06.06 08:08:24.413,1.29249,1.29279,1.72,2.25
2012.06.06 08:08:25.066,1.29249,1.29279,1.50,2.25
2012.06.06 08:08:25.667,1.29245,1.29279,1.72,2.25
2012.06.06 08:08:26.583,1.29241,1.29279,1.50,2.25
2012.06.06 08:08:29.363,1.29241,1.29273,2.10,1.50
2012.06.06 08:08:29.866,1.29241,1.29279,2.10,2.25
2012.06.06 08:08:31.194,1.29241,1.29279,1.88,2.25
2012.06.06 08:08:32.821,1.29241,1.29279,1.88,2.25
2012.06.06 08:08:33.143,1.29239,1.29268,1.13,1.50
2012.06.06 08:08:33.672,1.29239,1.29271,1.13,2.48
2012.06.06 08:08:34.759,1.29239,1.29271,1.13,2.48
2012.06.06 08:08:39.070,1.29239,1.29271,1.13,2.48
2012.06.06 08:08:39.273,1.29239,1.29271,1.13,2.48
2012.06.06 08:08:39.713,1.29239,1.29279,1.13,2.25
2012.06.06 08:08:40.203,1.29239,1.29279,1.13,1.88
2012.06.06 08:08:40.483,1.29239,1.29278,1.13,2.48
2012.06.06 08:08:40.946,1.29239,1.29275,1.13,2.25
2012.06.06 08:08:41.599,1.29239,1.29272,1.13,2.48
2012.06.06 08:08:44.356,1.29239,1.29272,1.13,2.48
2012.06.06 08:08:44.636,1.29239,1.29272,1.13,2.48
2012.06.06 08:08:46.352,1.29239,1.29277,1.13,2.25
2012.06.06 08:08:47.277,1.29239,1.29277,1.13,2.25
2012.06.06 08:08:49.032,1.29239,1.29277,1.13,2.25
2012.06.06 08:08:53.571,1.29239,1.29277,1.13,2.25
2012.06.06 08:08:53.885,1.29239,1.29277,1.13,2.25
2012.06.06 08:08:55.012,1.29239,1.29277,1.13,2.25
2012.06.06 08:08:55.783,1.29239,1.29277,1.13,2.25
2012.06.06 08:08:57.283,1.29239,1.29277,1.13,2.25
2012.06.06 08:08:57.846,1.29239,1.29267,1.13,2.25
2012.06.06 08:08:59.178,1.29234,1.29271,1.13,2.25
2012.06.06 08:08:59.328,1.29237,1.29267,2.25,1.50
2012.06.06 08:08:59.478,1.29237,1.2927,3.00,1.13
2012.06.06 08:08:59.695,1.29237,1.29273,3.38,1.50
2012.06.06 08:08:59.767,1.29237,1.29274,3.00,1.50
2012.06.06 08:09:00.125,1.29237,1.29271,1.50,2.25
2012.06.06 08:09:00.256,1.29237,1.29263,1.50,1.50
2012.06.06 08:09:00.654,1.29235,1.29257,1.72,1.50
2012.06.06 08:09:00.971,1.29235,1.29256,1.50,2.25
2012.06.06 08:09:01.732,1.29229,1.29261,1.35,2.25
2012.06.06 08:09:04.631,1.29229,1.2926,1.35,2.25
2012.06.06 08:09:06.121,1.29229,1.2926,1.35,2.25
2012.06.06 08:09:06.888,1.29229,1.29258,1.35,2.25
2012.06.06 08:09:07.104,1.29229,1.29261,1.35,2.25
2012.06.06 08:09:08.051,1.29228,1.29258,1.35,1.58
2012.06.06 08:09:08.122,1.29228,1.29258,1.35,1.58
2012.06.06 08:09:08.454,1.29229,1.29258,1.35,1.58
2012.06.06 08:09:09.049,1.29228,1.29258,1.35,1.58
2012.06.06 08:09:09.254,1.29229,1.29258,1.35,1.58
2012.06.06 08:09:14.011,1.29228,1.29263,1.72,3.08
2012.06.06 08:09:14.079,1.29228,1.29263,1.72,3.08
2012.06.06 08:09:14.612,1.29228,1.29259,1.35,1.58
2012.06.06 08:09:15.206,1.29228,1.29261,1.13,2.33
2012.06.06 08:09:15.706,1.29229,1.29263,1.13,1.58
2012.06.06 08:09:17.221,1.29239,1.2926,1.50,1.58
2012.06.06 08:09:17.296,1.2924,1.29262,3.60,1.50
2012.06.06 08:09:17.373,1.2924,1.29275,3.82,1.88
2012.06.06 08:09:17.443,1.29241,1.29275,1.13,1.13
2012.06.06 08:09:17.512,1.29241,1.29275,1.13,1.13
2012.06.06 08:09:17.831,1.29239,1.29275,1.72,1.13
2012.06.06 08:09:18.165,1.29239,1.29263,1.50,2.25
2012.06.06 08:09:19.928,1.29228,1.29271,1.35,2.25
2012.06.06 08:09:20.143,1.29228,1.29269,1.35,2.25
2012.06.06 08:09:22.566,1.29229,1.29269,1.35,2.25
2012.06.06 08:09:22.645,1.29229,1.29269,1.35,2.25
2012.06.06 08:09:23.173,1.29228,1.29268,1.13,2.25
2012.06.06 08:09:32.830,1.29229,1.29268,1.13,2.25
2012.06.06 08:09:41.290,1.29228,1.2927,1.13,2.25
2012.06.06 08:09:41.924,1.29232,1.2927,1.13,2.25
2012.06.06 08:09:43.514,1.29239,1.29272,1.13,1.50
2012.06.06 08:09:43.585,1.29239,1.29269,1.13,1.50
2012.06.06 08:09:43.923,1.29239,1.29275,1.35,1.88
2012.06.06 08:09:44.393,1.29239,1.29272,1.35,1.50
2012.06.06 08:09:44.462,1.29239,1.29275,1.35,1.88
2012.06.06 08:09:45.875,1.29239,1.29274,1.35,1.13
2012.06.06 08:09:46.487,1.29234,1.29275,2.85,1.88
2012.06.06 08:09:46.575,1.29229,1.29274,1.35,1.13
2012.06.06 08:09:49.244,1.29229,1.29266,1.13,2.25
2012.06.06 08:09:49.381,1.29229,1.29266,1.13,2.25
2012.06.06 08:09:49.774,1.29228,1.29266,1.13,2.25
2012.06.06 08:09:50.136,1.29228,1.29274,2.63,1.50
2012.06.06 08:09:51.712,1.29229,1.29274,1.35,3.00
2012.06.06 08:09:52.183,1.29231,1.29271,1.72,2.25
2012.06.06 08:09:52.445,1.29232,1.29274,2.70,3.38
2012.06.06 08:09:52.511,1.29231,1.29271,1.72,2.48
2012.06.06 08:09:52.651,1.29231,1.29269,1.72,2.25
2012.06.06 08:09:52.784,1.29231,1.29269,1.50,2.25
2012.06.06 08:09:55.024,1.29231,1.29272,1.50,2.25
2012.06.06 08:09:57.665,1.29237,1.29274,1.72,1.50
2012.06.06 08:09:58.015,1.29236,1.29274,1.72,1.13
2012.06.06 08:09:58.683,1.29235,1.29275,1.35,1.13
2012.06.06 08:09:59.226,1.29236,1.29275,3.22,1.13
2012.06.06 08:10:00.297,1.29229,1.29274,1.13,1.13
2012.06.06 08:10:00.726,1.29233,1.29274,1.13,1.13
2012.06.06 08:10:01.283,1.29229,1.29269,1.13,2.25
2012.06.06 08:10:03.785,1.2924,1.29277,1.13,2.63
2012.06.06 08:10:03.852,1.2924,1.29274,1.13,1.13
2012.06.06 08:10:04.183,1.29238,1.29274,1.72,1.13
2012.06.06 08:10:08.682,1.2923,1.2927,2.48,2.25
2012.06.06 08:10:12.191,1.29229,1.29273,1.35,3.23
2012.06.06 08:10:12.263,1.29229,1.29268,1.35,1.50
2012.06.06 08:10:12.451,1.29228,1.2927,1.35,2.25
2012.06.06 08:10:16.192,1.29229,1.29269,1.13,1.50
2012.06.06 08:10:20.429,1.29229,1.29269,1.35,2.25
2012.06.06 08:10:26.461,1.29229,1.29269,1.35,1.50
2012.06.06 08:10:27.267,1.29237,1.2927,1.13,2.25
2012.06.06 08:10:27.345,1.29237,1.29274,1.13,1.88
2012.06.06 08:10:27.412,1.29237,1.29274,1.13,3.38
2012.06.06 08:10:27.741,1.29234,1.29274,1.72,3.38
2012.06.06 08:10:28.202,1.29234,1.29265,1.72,2.25
2012.06.06 08:10:28.334,1.29234,1.29267,1.50,2.25
2012.06.06 08:10:32.182,1.29229,1.29259,1.35,1.50
2012.06.06 08:10:32.252,1.29229,1.29259,1.35,1.50
2012.06.06 08:10:32.753,1.29222,1.29259,2.10,1.13
2012.06.06 08:10:33.203,1.29224,1.29262,1.50,2.25
2012.06.06 08:10:33.274,1.29224,1.29262,1.50,2.25
2012.06.06 08:10:34.749,1.29221,1.29263,2.10,2.25
2012.06.06 08:10:35.133,1.29226,1.29264,1.50,1.13
2012.06.06 08:10:36.383,1.29228,1.29269,1.50,2.63
2012.06.06 08:10:36.522,1.29228,1.29269,1.50,2.63
2012.06.06 08:10:36.812,1.29228,1.29268,1.50,1.13
2012.06.06 08:10:41.002,1.29231,1.29269,1.13,1.50
2012.06.06 08:10:41.824,1.29231,1.29265,1.35,1.50
2012.06.06 08:10:43.517,1.29228,1.29265,1.50,2.25
2012.06.06 08:10:44.650,1.29228,1.29272,1.72,2.25
2012.06.06 08:10:44.734,1.29232,1.29274,1.72,2.25
2012.06.06 08:10:46.531,1.29231,1.29265,1.13,1.50
2012.06.06 08:10:47.331,1.29231,1.29269,1.13,1.50
2012.06.06 08:10:48.254,1.29231,1.29273,1.13,2.25
2012.06.06 08:10:50.355,1.29238,1.29271,1.13,1.50
2012.06.06 08:10:50.575,1.29241,1.29275,1.50,1.88
2012.06.06 08:10:50.978,1.29241,1.29274,1.50,1.13
2012.06.06 08:10:52.437,1.29243,1.29272,1.50,2.25
2012.06.06 08:10:52.508,1.29244,1.29272,1.13,1.50
2012.06.06 08:10:52.920,1.29245,1.29272,1.13,2.25
2012.06.06 08:10:52.978,1.29245,1.29272,1.13,2.25
2012.06.06 08:10:53.065,1.29243,1.29273,1.50,2.25
2012.06.06 08:10:54.133,1.29243,1.29275,1.50,1.13
2012.06.06 08:10:54.470,1.29228,1.29272,1.50,2.25
2012.06.06 08:11:01.311,1.29228,1.29274,1.88,3.00
2012.06.06 08:11:01.584,1.29228,1.29274,2.10,2.63
2012.06.06 08:11:01.775,1.29237,1.29274,1.13,1.88
2012.06.06 08:11:01.989,1.29243,1.2927,1.13,1.50
2012.06.06 08:11:02.071,1.29243,1.29275,1.13,1.88
2012.06.06 08:11:02.952,1.29243,1.29279,1.13,1.88
2012.06.06 08:11:03.591,1.29246,1.29281,1.13,1.13
2012.06.06 08:11:04.147,1.29246,1.29279,1.13,1.88
2012.06.06 08:11:06.953,1.29243,1.29276,1.50,1.13
2012.06.06 08:11:07.489,1.29243,1.29276,1.50,2.63
2012.06.06 08:11:08.455,1.29236,1.29274,1.35,1.13
2012.06.06 08:11:08.529,1.29236,1.29274,1.35,1.13
2012.06.06 08:11:11.604,1.29236,1.29274,1.72,1.13
2012.06.06 08:11:11.673,1.2924,1.29274,1.50,1.13
2012.06.06 08:11:12.382,1.29234,1.29275,1.72,2.63
2012.06.06 08:11:14.032,1.29234,1.29274,1.72,2.48
2012.06.06 08:11:14.167,1.2924,1.29268,1.50,1.50
2012.06.06 08:11:14.318,1.29226,1.29256,1.72,2.48
2012.06.06 08:11:14.396,1.29227,1.29256,1.72,2.48
2012.06.06 08:11:14.923,1.29224,1.29253,3.00,1.13
2012.06.06 08:11:15.273,1.29224,1.29258,3.00,1.13
2012.06.06 08:11:15.785,1.29222,1.29259,2.25,1.13
2012.06.06 08:11:16.093,1.29222,1.29253,1.50,1.13
2012.06.06 08:11:16.166,1.29231,1.29255,1.50,2.10
2012.06.06 08:11:16.238,1.29231,1.2926,1.50,1.50
2012.06.06 08:11:16.384,1.29229,1.2926,2.25,1.50
2012.06.06 08:11:16.734,1.29231,1.2926,1.50,1.50
2012.06.06 08:11:17.076,1.2924,1.29268,1.50,1.13
2012.06.06 08:11:18.495,1.29228,1.29266,1.50,1.13
2012.06.06 08:11:20.622,1.29227,1.29263,2.25,2.48
2012.06.06 08:11:21.195,1.29227,1.29263,2.25,2.48
2012.06.06 08:11:23.380,1.29222,1.29263,3.22,2.48
2012.06.06 08:11:23.463,1.29224,1.29264,1.50,1.50
2012.06.06 08:11:24.186,1.29226,1.29265,2.25,1.50
2012.06.06 08:11:27.552,1.29224,1.29265,1.88,1.50
2012.06.06 08:11:28.794,1.29231,1.29266,1.13,1.13
2012.06.06 08:11:33.309,1.29231,1.29265,1.13,1.50
2012.06.06 08:11:33.707,1.2923,1.29264,1.50,3.00
2012.06.06 08:11:34.015,1.2923,1.29264,1.50,2.25
2012.06.06 08:11:35.128,1.29227,1.29267,1.50,1.13
2012.06.06 08:11:37.795,1.2923,1.29265,1.50,1.50
2012.06.06 08:11:41.502,1.29232,1.29266,1.13,1.13
2012.06.06 08:11:42.734,1.29233,1.29267,1.88,1.13
2012.06.06 08:11:43.496,1.29237,1.29268,1.13,1.50
2012.06.06 08:11:43.567,1.29233,1.29267,1.50,2.25
2012.06.06 08:11:44.498,1.29232,1.29265,1.13,1.50
2012.06.06 08:11:45.014,1.29228,1.29264,2.25,1.50
2012.06.06 08:11:46.528,1.29226,1.29263,1.88,1.50
2012.06.06 08:11:46.744,1.29225,1.29263,1.50,3.23
2012.06.06 08:11:46.813,1.29223,1.29263,2.47,3.23
2012.06.06 08:11:47.112,1.29225,1.29263,1.50,2.48
2012.06.06 08:11:47.561,1.29226,1.29263,1.50,1.50
2012.06.06 08:11:49.266,1.29224,1.29263,3.00,1.50
2012.06.06 08:11:50.333,1.29224,1.29263,2.25,1.50
2012.06.06 08:11:50.840,1.29224,1.29263,2.25,1.50
2012.06.06 08:11:52.072,1.29224,1.29263,3.00,1.50
2012.06.06 08:11:54.945,1.29223,1.29263,1.50,1.50
2012.06.06 08:11:55.415,1.29225,1.29263,1.50,1.50
2012.06.06 08:11:56.353,1.29225,1.29263,1.50,3.75
2012.06.06 08:11:56.428,1.29223,1.29263,2.25,3.00
2012.06.06 08:11:57.974,1.2922,1.29254,2.47,2.48
2012.06.06 08:12:03.423,1.29225,1.29261,1.50,2.48
2012.06.06 08:12:04.493,1.29222,1.29263,1.50,2.63
2012.06.06 08:12:07.943,1.29225,1.29254,1.13,1.13
2012.06.06 08:12:08.209,1.29227,1.29263,2.48,1.50
2012.06.06 08:12:08.425,1.29225,1.29263,1.50,2.25
2012.06.06 08:12:08.496,1.29225,1.29263,1.50,1.50
2012.06.06 08:12:09.057,1.29225,1.29259,1.50,1.50
2012.06.06 08:12:09.134,1.29225,1.29265,1.50,1.50
2012.06.06 08:12:10.295,1.29225,1.29263,1.50,1.50
2012.06.06 08:12:10.506,1.29224,1.29263,1.50,1.50
2012.06.06 08:12:11.096,1.29225,1.29264,1.50,1.50
2012.06.06 08:12:15.222,1.29225,1.29263,1.50,1.50
2012.06.06 08:12:15.729,1.29224,1.29262,1.50,1.50
2012.06.06 08:12:21.282,1.29222,1.29263,1.88,1.50
2012.06.06 08:12:21.361,1.29225,1.29262,1.50,1.50
2012.06.06 08:12:21.911,1.29225,1.29263,1.50,1.13
2012.06.06 08:12:22.226,1.29223,1.29263,1.50,2.63
2012.06.06 08:12:22.806,1.29223,1.29263,1.50,4.13
2012.06.06 08:12:26.828,1.29221,1.29258,1.72,2.25
2012.06.06 08:12:28.671,1.29223,1.29259,1.50,1.13
2012.06.06 08:12:29.719,1.29221,1.29259,1.72,1.13
2012.06.06 08:12:30.056,1.29226,1.29259,1.50,2.25
2012.06.06 08:12:30.196,1.29225,1.29262,1.50,1.50
2012.06.06 08:12:30.792,1.29226,1.29265,1.50,1.50
2012.06.06 08:12:32.223,1.29225,1.29263,1.50,1.50
2012.06.06 08:12:34.355,1.29225,1.29262,2.25,1.50
2012.06.06 08:12:34.732,1.29225,1.29262,3.00,1.50
2012.06.06 08:12:34.811,1.29227,1.29264,1.50,1.50
2012.06.06 08:12:35.191,1.29232,1.29265,1.13,2.25
2012.06.06 08:12:35.273,1.29225,1.29264,1.50,1.50
2012.06.06 08:12:35.416,1.29227,1.29263,1.50,2.25
2012.06.06 08:12:35.486,1.29223,1.29263,3.22,2.25
2012.06.06 08:12:36.702,1.29227,1.29263,1.50,1.50
2012.06.06 08:12:37.170,1.29227,1.29265,2.25,2.25
2012.06.06 08:12:37.497,1.29223,1.29263,3.00,1.50
2012.06.06 08:12:38.655,1.29225,1.29262,1.50,1.50
2012.06.06 08:12:38.974,1.29227,1.29265,1.50,2.25
2012.06.06 08:12:39.626,1.29224,1.29263,1.50,2.25
2012.06.06 08:12:41.056,1.29223,1.29263,1.50,2.25
2012.06.06 08:12:41.222,1.29221,1.29263,2.47,2.25
2012.06.06 08:12:42.402,1.29221,1.29263,2.25,2.25
2012.06.06 08:12:42.924,1.29225,1.29263,1.50,2.25
2012.06.06 08:12:43.473,1.29218,1.29263,2.25,3.75
2012.06.06 08:12:43.542,1.29218,1.29263,1.50,3.00
2012.06.06 08:12:43.748,1.29218,1.29263,1.88,3.00
2012.06.06 08:12:44.006,1.2922,1.29259,1.50,2.25
2012.06.06 08:12:44.144,1.29224,1.29263,1.50,1.13
2012.06.06 08:12:44.346,1.2922,1.29263,1.50,1.13
2012.06.06 08:12:44.421,1.29224,1.29263,1.50,1.13
2012.06.06 08:12:44.758,1.29223,1.29263,2.10,1.13
2012.06.06 08:12:45.126,1.29219,1.29263,2.63,1.13
2012.06.06 08:12:45.199,1.29219,1.29268,2.25,3.38
2012.06.06 08:12:45.275,1.29219,1.29268,2.47,3.38
2012.06.06 08:12:45.882,1.29217,1.29264,3.60,2.63
2012.06.06 08:12:46.402,1.29219,1.29264,1.88,2.63
2012.06.06 08:12:48.213,1.29221,1.29268,2.10,4.13
2012.06.06 08:12:48.523,1.29222,1.29267,1.72,2.25
2012.06.06 08:12:49.367,1.29229,1.29273,1.88,2.25
2012.06.06 08:12:49.435,1.29229,1.29273,1.88,2.25
2012.06.06 08:12:49.576,1.29233,1.29272,1.73,1.50
2012.06.06 08:12:49.927,1.29231,1.29266,2.63,1.50
2012.06.06 08:12:50.126,1.29231,1.29269,2.85,1.50
2012.06.06 08:12:50.266,1.29234,1.29274,1.13,1.50
2012.06.06 08:12:51.642,1.29234,1.29274,1.13,1.50
2012.06.06 08:12:52.082,1.29226,1.2927,4.72,1.50
2012.06.06 08:12:52.639,1.29232,1.2927,1.50,1.50
2012.06.06 08:12:52.964,1.29233,1.29273,1.50,1.13
2012.06.06 08:12:53.172,1.29231,1.29265,2.47,2.25
2012.06.06 08:12:53.503,1.29226,1.29265,1.72,2.25
2012.06.06 08:12:53.814,1.29226,1.29265,1.72,2.25
2012.06.06 08:12:54.263,1.29232,1.29264,1.50,1.50
2012.06.06 08:12:54.675,1.29225,1.29259,1.72,1.50
2012.06.06 08:12:54.747,1.29225,1.29256,1.72,1.50
2012.06.06 08:12:54.820,1.29225,1.29259,1.50,2.48
2012.06.06 08:12:54.899,1.29221,1.29257,2.25,1.50
2012.06.06 08:12:55.115,1.29219,1.29261,1.72,1.50
2012.06.06 08:12:55.902,1.29224,1.29258,2.47,1.13
2012.06.06 08:12:55.976,1.29224,1.29255,1.72,1.50
2012.06.06 08:12:56.116,1.29215,1.29249,1.72,1.50
2012.06.06 08:12:56.254,1.29214,1.29236,1.50,1.13
2012.06.06 08:12:56.449,1.29203,1.29241,1.72,1.13
2012.06.06 08:12:56.528,1.29207,1.29236,1.50,1.88
2012.06.06 08:12:56.877,1.29197,1.29233,1.72,1.50
2012.06.06 08:12:57.696,1.29195,1.29229,2.25,1.50
2012.06.06 08:12:57.882,1.29195,1.29229,2.25,1.50
2012.06.06 08:12:58.572,1.29198,1.29229,1.50,1.50
2012.06.06 08:12:59.228,1.29194,1.29229,2.25,1.50
2012.06.06 08:13:02.704,1.29193,1.29228,1.50,1.50
2012.06.06 08:13:03.018,1.29191,1.29228,1.88,1.50
2012.06.06 08:13:03.692,1.29191,1.29228,1.88,1.50
2012.06.06 08:13:04.097,1.29192,1.29228,1.13,1.50
2012.06.06 08:13:04.419,1.29191,1.29226,1.13,1.50
2012.06.06 08:13:04.766,1.29191,1.29223,2.63,1.50
2012.06.06 08:13:05.084,1.29189,1.29222,2.47,1.50
2012.06.06 08:13:05.153,1.29189,1.29223,2.47,2.25
2012.06.06 08:13:05.435,1.29188,1.29223,1.50,1.50
2012.06.06 08:13:05.507,1.29191,1.29221,1.50,1.50
2012.06.06 08:13:05.863,1.29188,1.29224,1.50,1.50
2012.06.06 08:13:05.943,1.29187,1.29225,3.00,1.50
2012.06.06 08:13:06.361,1.2919,1.29225,2.25,1.50
2012.06.06 08:13:06.438,1.2919,1.29225,2.25,1.50
2012.06.06 08:13:06.995,1.29193,1.29226,1.50,1.50
2012.06.06 08:13:07.245,1.29193,1.29229,2.25,1.50
2012.06.06 08:13:08.289,1.29191,1.29229,2.25,1.50
2012.06.06 08:13:08.438,1.29191,1.29229,2.25,1.50
2012.06.06 08:13:08.517,1.29189,1.29229,1.72,1.50
2012.06.06 08:13:09.287,1.29186,1.29224,1.50,1.50
2012.06.06 08:13:09.441,1.29189,1.29224,1.73,1.50
2012.06.06 08:13:09.524,1.29189,1.29227,2.10,2.25
2012.06.06 08:13:09.656,1.29186,1.29224,2.25,1.50
2012.06.06 08:13:10.982,1.29189,1.29229,1.13,1.50
2012.06.06 08:13:11.059,1.29187,1.29229,2.25,1.50
2012.06.06 08:13:11.134,1.29189,1.29229,1.13,1.50
2012.06.06 08:13:12.669,1.29189,1.29225,1.13,1.50
2012.06.06 08:13:12.956,1.29184,1.29224,1.35,2.48
2012.06.06 08:13:13.028,1.29184,1.29224,1.35,2.48
2012.06.06 08:13:15.165,1.29184,1.29226,1.13,3.00
2012.06.06 08:13:16.313,1.29184,1.29223,1.13,1.50
2012.06.06 08:13:17.008,1.29184,1.29223,1.13,1.50
2012.06.06 08:13:17.142,1.29183,1.29223,1.35,1.50
2012.06.06 08:13:17.346,1.29182,1.29218,2.10,3.00
2012.06.06 08:13:17.416,1.29182,1.29218,2.10,3.00
2012.06.06 08:13:17.762,1.29183,1.29218,1.35,1.50
2012.06.06 08:13:17.837,1.29181,1.29218,2.10,1.50
2012.06.06 08:13:19.464,1.29178,1.29212,1.50,1.50
2012.06.06 08:13:20.050,1.29178,1.29212,1.13,2.25
2012.06.06 08:13:23.063,1.29176,1.29211,1.13,1.50
2012.06.06 08:13:23.543,1.29179,1.29214,1.13,2.25
2012.06.06 08:13:26.036,1.29179,1.29215,1.13,2.25
2012.06.06 08:13:31.596,1.29175,1.29212,1.50,1.13
2012.06.06 08:13:31.668,1.2918,1.29213,1.13,1.88
2012.06.06 08:13:31.817,1.29182,1.29213,2.48,1.88
2012.06.06 08:13:32.216,1.29182,1.29216,1.35,2.25
2012.06.06 08:13:32.284,1.29182,1.29212,1.35,1.50
2012.06.06 08:13:32.613,1.29182,1.29212,1.35,2.25
2012.06.06 08:13:34.148,1.29179,1.29212,1.13,2.25
2012.06.06 08:13:34.664,1.29179,1.29212,1.13,2.25
2012.06.06 08:13:37.658,1.29179,1.29209,1.13,2.25
2012.06.06 08:13:38.662,1.29177,1.29209,1.13,2.25
2012.06.06 08:13:39.538,1.29177,1.29211,1.13,2.25
2012.06.06 08:13:40.004,1.29182,1.29211,1.13,1.50
2012.06.06 08:13:40.075,1.29182,1.29216,1.13,2.25
2012.06.06 08:13:40.267,1.29182,1.29216,1.13,3.75
2012.06.06 08:13:45.333,1.29179,1.29209,1.13,1.50
2012.06.06 08:13:45.654,1.29176,1.292,1.13,1.73
2012.06.06 08:13:45.855,1.29176,1.29203,1.13,1.13
2012.06.06 08:13:47.646,1.29176,1.29204,1.13,1.13
2012.06.06 08:13:48.776,1.29175,1.29202,1.13,2.48
2012.06.06 08:13:49.214,1.29176,1.29199,1.13,1.13
2012.06.06 08:13:51.052,1.29178,1.29209,1.13,2.25
2012.06.06 08:13:51.468,1.29178,1.29213,1.13,2.25
2012.06.06 08:13:54.915,1.29178,1.29208,1.13,2.25
2012.06.06 08:13:59.533,1.29172,1.29205,1.65,2.25
2012.06.06 08:13:59.674,1.29174,1.29205,1.13,2.25
2012.06.06 08:14:00.165,1.29174,1.29209,1.13,1.13
2012.06.06 08:14:00.712,1.29174,1.29207,1.77,2.25
2012.06.06 08:14:02.627,1.29174,1.29207,1.77,2.25
2012.06.06 08:14:03.808,1.29174,1.29209,1.77,2.25
2012.06.06 08:14:12.755,1.29173,1.29205,1.35,1.13
2012.06.06 08:14:12.944,1.29169,1.29202,1.73,2.48
2012.06.06 08:14:13.133,1.29175,1.29208,1.13,2.25
2012.06.06 08:14:13.709,1.29175,1.29205,1.13,2.25
2012.06.06 08:14:15.240,1.29175,1.29205,2.25,1.50
2012.06.06 08:14:15.317,1.29175,1.29208,2.25,1.50
2012.06.06 08:14:15.584,1.29175,1.29208,1.88,2.25
2012.06.06 08:14:15.652,1.29175,1.29208,1.88,2.25
2012.06.06 08:14:16.192,1.29175,1.29207,1.88,1.50
2012.06.06 08:14:16.839,1.29175,1.29209,1.88,2.25
2012.06.06 08:14:22.213,1.29175,1.29207,1.13,1.50
2012.06.06 08:14:25.745,1.29175,1.2921,1.13,2.25
2012.06.06 08:14:27.222,1.29175,1.2921,1.13,2.25
2012.06.06 08:14:28.303,1.29184,1.29204,1.13,1.50
2012.06.06 08:14:28.433,1.29185,1.29211,1.50,2.25
2012.06.06 08:14:28.645,1.29187,1.29213,1.50,2.25
2012.06.06 08:14:29.225,1.29184,1.29212,1.13,2.25
2012.06.06 08:14:29.295,1.2918,1.29212,1.35,2.25
2012.06.06 08:14:30.688,1.29177,1.29212,1.13,2.25
2012.06.06 08:14:30.769,1.29175,1.29212,1.13,2.25
2012.06.06 08:14:31.116,1.29172,1.29209,1.50,2.48
2012.06.06 08:14:31.185,1.29172,1.29208,1.50,1.13
2012.06.06 08:14:31.703,1.29174,1.29211,1.47,3.00
2012.06.06 08:14:32.244,1.29174,1.29207,1.47,2.25
2012.06.06 08:14:35.082,1.29175,1.2921,1.13,2.25
2012.06.06 08:14:35.213,1.29175,1.29212,1.13,2.25
2012.06.06 08:14:37.235,1.29175,1.29212,1.13,2.25
2012.06.06 08:14:38.544,1.29175,1.29209,1.13,2.25
2012.06.06 08:14:39.118,1.29175,1.29209,1.13,2.25
2012.06.06 08:14:39.565,1.29164,1.29185,1.13,2.25
2012.06.06 08:14:39.635,1.29164,1.29178,1.13,1.73
2012.06.06 08:14:39.708,1.29154,1.29178,1.36,1.73
2012.06.06 08:14:39.855,1.29153,1.29185,2.21,1.50
2012.06.06 08:14:40.622,1.29155,1.29185,1.13,1.50
2012.06.06 08:14:40.769,1.29153,1.29185,1.46,1.50
2012.06.06 08:14:41.215,1.29159,1.29185,1.88,1.13
2012.06.06 08:14:41.288,1.29159,1.29183,1.88,1.13
2012.06.06 08:14:41.434,1.29159,1.29186,1.88,1.50
2012.06.06 08:14:41.987,1.29156,1.29189,1.13,1.13
2012.06.06 08:14:42.056,1.29158,1.29194,1.13,2.25
2012.06.06 08:14:43.197,1.29159,1.29189,1.13,1.13
2012.06.06 08:14:43.727,1.29157,1.29194,1.13,2.25
2012.06.06 08:14:48.965,1.29156,1.29193,1.13,2.63
2012.06.06 08:14:49.234,1.2916,1.29191,1.13,3.23
2012.06.06 08:14:49.849,1.2916,1.29192,1.13,2.25
2012.06.06 08:14:49.928,1.2916,1.29193,1.13,3.38
2012.06.06 08:14:51.183,1.29156,1.29189,1.13,1.50
2012.06.06 08:14:55.427,1.29156,1.29188,1.13,1.13
2012.06.06 08:14:55.845,1.29156,1.29188,1.13,2.25
2012.06.06 08:14:56.767,1.29151,1.29183,1.73,1.13
2012.06.06 08:14:57.626,1.29156,1.29188,1.88,1.13
2012.06.06 08:14:57.826,1.29157,1.29189,1.88,1.13
2012.06.06 08:15:00.745,1.29163,1.29197,1.13,2.25
2012.06.06 08:15:00.815,1.29163,1.29197,1.35,1.50
2012.06.06 08:15:01.155,1.29172,1.29205,1.50,2.25
2012.06.06 08:15:01.226,1.29175,1.29212,1.50,2.63
2012.06.06 08:15:01.736,1.29175,1.29215,1.50,1.50
2012.06.06 08:15:02.780,1.29175,1.29213,1.72,2.25
2012.06.06 08:15:03.937,1.29175,1.29213,2.47,2.25
2012.06.06 08:15:04.763,1.29175,1.29212,2.47,1.50
2012.06.06 08:15:05.326,1.29174,1.29211,1.35,2.25
2012.06.06 08:15:05.655,1.29171,1.29207,1.35,2.25
2012.06.06 08:15:05.729,1.29169,1.29207,1.72,2.25
2012.06.06 08:15:06.286,1.29169,1.29203,1.50,2.25
2012.06.06 08:15:06.797,1.29166,1.29203,1.72,3.00
2012.06.06 08:15:07.129,1.2917,1.29206,1.50,2.25
2012.06.06 08:15:07.207,1.29184,1.29206,1.13,1.50
2012.06.06 08:15:07.277,1.29189,1.29208,1.13,1.50
2012.06.06 08:15:07.637,1.29186,1.29214,1.13,2.25
2012.06.06 08:15:08.188,1.29186,1.29218,1.13,3.00
2012.06.06 08:15:08.457,1.29178,1.29216,1.72,1.50
2012.06.06 08:15:08.529,1.29173,1.29208,2.47,1.50
2012.06.06 08:15:09.019,1.29173,1.29205,2.47,1.50
2012.06.06 08:15:09.100,1.29169,1.29209,2.10,1.50
2012.06.06 08:15:09.599,1.29169,1.29209,2.10,2.25
2012.06.06 08:15:10.203,1.29169,1.29212,1.35,2.25
2012.06.06 08:15:10.276,1.29171,1.29212,1.72,2.25
2012.06.06 08:15:10.486,1.29171,1.29212,1.72,2.25
2012.06.06 08:15:11.039,1.29171,1.29212,1.72,2.25
2012.06.06 08:15:12.556,1.29175,1.29212,1.50,1.50
2012.06.06 08:15:12.700,1.29174,1.29212,1.35,3.00
2012.06.06 08:15:13.048,1.29171,1.29203,1.72,1.50
2012.06.06 08:15:14.682,1.29166,1.29204,1.50,2.25
2012.06.06 08:15:18.695,1.29164,1.29203,1.13,2.25
2012.06.06 08:15:18.966,1.29166,1.29203,1.50,5.48
2012.06.06 08:15:19.036,1.29164,1.29203,1.88,3.75
2012.06.06 08:15:19.104,1.29164,1.29203,1.88,3.75
2012.06.06 08:15:19.175,1.29166,1.292,1.50,1.13
2012.06.06 08:15:19.497,1.29164,1.29204,2.10,1.50
2012.06.06 08:15:19.576,1.29164,1.29203,1.88,1.50
2012.06.06 08:15:23.750,1.29166,1.29204,1.88,1.50
2012.06.06 08:15:24.094,1.29166,1.29209,1.50,2.63
2012.06.06 08:15:29.968,1.29165,1.29205,2.48,1.50
2012.06.06 08:15:30.236,1.29164,1.29209,3.97,1.88
2012.06.06 08:15:30.506,1.29164,1.29204,3.60,3.00
2012.06.06 08:15:30.578,1.29164,1.29204,1.35,1.50
2012.06.06 08:15:30.714,1.29165,1.29205,2.25,1.50
2012.06.06 08:15:31.475,1.29169,1.29205,1.88,1.50
2012.06.06 08:15:31.827,1.29182,1.29208,2.48,2.25
2012.06.06 08:15:32.375,1.29176,1.29212,2.48,1.50
2012.06.06 08:15:32.817,1.29176,1.29207,2.48,1.50
2012.06.06 08:15:34.505,1.29176,1.29211,2.48,2.25
2012.06.06 08:15:36.277,1.29181,1.29215,2.48,2.25
2012.06.06 08:15:36.827,1.29182,1.29218,1.50,2.25
2012.06.06 08:15:37.031,1.29189,1.29215,2.48,1.50
2012.06.06 08:15:37.426,1.29189,1.29217,1.73,1.50
2012.06.06 08:15:37.502,1.29182,1.29217,1.50,1.50
2012.06.06 08:15:37.578,1.29182,1.29211,1.50,1.50
2012.06.06 08:15:39.216,1.29182,1.29215,1.50,1.50
2012.06.06 08:15:39.447,1.29182,1.29211,1.50,1.50
2012.06.06 08:15:39.955,1.2918,1.29211,1.50,1.50
2012.06.06 08:15:40.165,1.29178,1.29211,1.50,1.50
2012.06.06 08:15:40.234,1.29178,1.29211,1.50,1.50
2012.06.06 08:15:40.543,1.29181,1.29213,1.50,1.50
2012.06.06 08:15:40.891,1.29179,1.29215,1.50,1.50
2012.06.06 08:15:44.725,1.29184,1.29215,1.73,1.50
2012.06.06 08:15:45.065,1.29182,1.29219,1.13,1.50
2012.06.06 08:15:45.253,1.29181,1.29215,1.50,1.50
2012.06.06 08:15:46.569,1.29179,1.29215,1.50,1.50
2012.06.06 08:15:47.476,1.29179,1.29215,1.50,2.25
2012.06.06 08:15:48.196,1.29179,1.29211,1.50,1.50
2012.06.06 08:15:48.771,1.29173,1.29216,1.57,2.25
2012.06.06 08:15:49.590,1.29173,1.29212,1.57,2.25
2012.06.06 08:15:51.304,1.29173,1.29212,1.57,2.25
2012.06.06 08:15:51.555,1.29173,1.29208,1.57,1.50
2012.06.06 08:15:51.823,1.29173,1.29211,1.57,1.50
2012.06.06 08:15:51.955,1.29173,1.29205,1.57,1.13
2012.06.06 08:15:52.025,1.2917,1.29205,2.10,1.13
2012.06.06 08:15:52.095,1.2917,1.292,1.35,1.13
2012.06.06 08:15:52.164,1.2917,1.29204,1.35,2.48
2012.06.06 08:15:52.236,1.29169,1.29204,1.35,2.85
2012.06.06 08:15:52.375,1.2917,1.29204,1.88,1.13
2012.06.06 08:15:52.932,1.29174,1.29209,1.50,1.13
2012.06.06 08:15:53.586,1.29169,1.29209,1.50,1.13
2012.06.06 08:15:54.144,1.29168,1.29208,1.50,1.50
2012.06.06 08:15:56.594,1.29169,1.29209,2.48,2.25
2012.06.06 08:15:57.024,1.29169,1.29208,2.48,1.50
2012.06.06 08:15:59.344,1.29168,1.2921,1.50,3.00
2012.06.06 08:15:59.415,1.29169,1.29208,2.48,1.50
2012.06.06 08:16:01.504,1.29168,1.2921,1.50,2.25
2012.06.06 08:16:01.930,1.29168,1.29208,1.50,1.50
2012.06.06 08:16:03.803,1.29169,1.29208,1.50,1.13
2012.06.06 08:16:07.562,1.29172,1.2921,1.50,1.50
2012.06.06 08:16:07.995,1.29169,1.29208,1.50,2.25
2012.06.06 08:16:08.303,1.29169,1.29204,1.50,1.50
2012.06.06 08:16:08.856,1.29169,1.29208,1.50,1.50
2012.06.06 08:16:08.926,1.2917,1.29209,1.50,2.25
2012.06.06 08:16:09.253,1.29168,1.29205,2.48,1.50
2012.06.06 08:16:09.587,1.29182,1.2921,2.48,1.50
2012.06.06 08:16:09.656,1.29182,1.29213,2.48,1.50
2012.06.06 08:16:09.855,1.29182,1.29209,2.48,1.50
2012.06.06 08:16:11.373,1.29176,1.29213,1.50,2.25
2012.06.06 08:16:11.513,1.29176,1.29213,1.50,1.50
2012.06.06 08:16:14.641,1.29176,1.29214,3.23,1.50
2012.06.06 08:16:14.999,1.29181,1.29214,2.48,1.50
2012.06.06 08:16:15.648,1.2917,1.29204,1.35,1.13
2012.06.06 08:16:15.787,1.29163,1.29203,1.35,1.50
2012.06.06 08:16:15.927,1.29165,1.29203,1.72,1.50
2012.06.06 08:16:15.995,1.29165,1.29203,1.50,3.00
2012.06.06 08:16:16.253,1.29165,1.29201,1.50,1.50
2012.06.06 08:16:16.593,1.29166,1.29202,1.50,1.50
2012.06.06 08:16:17.851,1.29165,1.29201,2.48,2.25
2012.06.06 08:16:20.966,1.29165,1.292,2.48,1.50
2012.06.06 08:16:21.174,1.29165,1.292,2.48,1.50
2012.06.06 08:16:26.433,1.29163,1.292,1.35,1.50
2012.06.06 08:16:26.694,1.29163,1.292,1.35,1.50
2012.06.06 08:16:30.770,1.29163,1.292,1.35,2.25
2012.06.06 08:16:30.965,1.29163,1.29202,1.35,1.50
2012.06.06 08:16:31.295,1.29171,1.29204,2.48,1.50
2012.06.06 08:16:32.366,1.29165,1.29203,2.48,2.25
2012.06.06 08:16:40.684,1.29165,1.29199,1.73,1.50
2012.06.06 08:16:40.873,1.29163,1.29199,1.35,1.50
2012.06.06 08:16:41.063,1.29159,1.29197,2.85,1.50
2012.06.06 08:16:45.053,1.29159,1.29197,2.85,1.50
2012.06.06 08:16:50.109,1.29159,1.29196,2.63,1.50
2012.06.06 08:16:54.684,1.29163,1.29198,1.13,1.50
2012.06.06 08:16:54.884,1.29159,1.29197,1.13,1.50
2012.06.06 08:16:55.415,1.29162,1.29197,2.10,1.50
2012.06.06 08:16:55.921,1.2916,1.29197,2.10,1.50
2012.06.06 08:16:56.444,1.29162,1.29197,2.10,1.50
2012.06.06 08:16:56.513,1.29163,1.29201,1.35,1.50
2012.06.06 08:16:56.764,1.29162,1.29197,2.85,1.50
2012.06.06 08:16:57.322,1.29162,1.29197,1.35,1.50
2012.06.06 08:16:58.415,1.29162,1.29197,1.13,1.50
2012.06.06 08:16:58.960,1.29162,1.29197,1.35,1.50
2012.06.06 08:17:01.296,1.29162,1.29197,2.10,1.50
2012.06.06 08:17:01.482,1.29163,1.29199,1.35,2.25
2012.06.06 08:17:01.699,1.2916,1.29197,2.10,1.50
2012.06.06 08:17:02.246,1.2916,1.29197,1.88,1.50
2012.06.06 08:17:04.673,1.29163,1.29198,1.13,1.50
2012.06.06 08:17:05.005,1.2916,1.29197,1.88,1.50
2012.06.06 08:17:05.335,1.2916,1.29195,1.88,3.60
2012.06.06 08:17:08.993,1.29157,1.29188,1.50,2.25
2012.06.06 08:17:09.063,1.29155,1.29188,1.50,2.25
2012.06.06 08:17:09.253,1.29148,1.29191,1.50,1.50
2012.06.06 08:17:09.465,1.29148,1.29188,1.72,3.00
2012.06.06 08:17:09.535,1.29148,1.29191,1.72,3.75
2012.06.06 08:17:09.744,1.29146,1.29188,1.72,3.00
2012.06.06 08:17:09.933,1.29148,1.29188,1.50,2.25
2012.06.06 08:17:13.798,1.29148,1.29188,1.50,1.50
2012.06.06 08:17:14.127,1.29151,1.29188,1.50,3.23
2012.06.06 08:17:14.196,1.29148,1.29188,2.47,3.23
2012.06.06 08:17:14.265,1.2915,1.29188,1.50,3.23
2012.06.06 08:17:14.578,1.29152,1.29184,1.50,1.13
2012.06.06 08:17:15.008,1.29155,1.29184,1.50,1.13
2012.06.06 08:17:15.089,1.2915,1.29184,1.50,1.13
2012.06.06 08:17:15.506,1.2915,1.29184,2.25,1.13
2012.06.06 08:17:15.648,1.2915,1.29189,2.25,1.50
2012.06.06 08:17:15.729,1.2915,1.29188,1.50,1.88
2012.06.06 08:17:16.068,1.29155,1.29188,1.50,1.50
2012.06.06 08:17:16.150,1.29155,1.2919,2.25,1.50
2012.06.06 08:17:18.505,1.29148,1.29188,2.25,1.50
2012.06.06 08:17:18.706,1.29148,1.29189,3.00,1.50
2012.06.06 08:17:18.965,1.29147,1.29187,1.50,1.50
2012.06.06 08:17:19.250,1.29148,1.29187,1.50,1.50
2012.06.06 08:17:19.455,1.29148,1.29188,1.50,3.75
2012.06.06 08:17:21.089,1.29148,1.29187,3.00,1.50
2012.06.06 08:17:21.170,1.29146,1.29187,1.72,2.25
2012.06.06 08:17:22.429,1.29148,1.29188,1.50,3.00
2012.06.06 08:17:25.005,1.2915,1.29192,2.48,1.50
2012.06.06 08:17:25.266,1.29152,1.29188,1.50,1.50
2012.06.06 08:17:25.783,1.29148,1.29188,3.97,1.50
2012.06.06 08:17:26.423,1.29156,1.29196,2.70,1.50
2012.06.06 08:17:26.764,1.29156,1.29194,2.70,2.25
2012.06.06 08:17:27.104,1.29156,1.29189,2.48,1.50
2012.06.06 08:17:27.173,1.29156,1.29189,1.73,1.50
2012.06.06 08:17:27.705,1.29147,1.29187,1.88,2.25
2012.06.06 08:17:27.842,1.29147,1.29183,1.88,1.50
2012.06.06 08:17:28.175,1.29147,1.29187,2.10,2.25
2012.06.06 08:17:28.605,1.29147,1.29186,1.88,1.50
2012.06.06 08:17:29.006,1.29147,1.29188,2.63,2.25
2012.06.06 08:17:33.877,1.29154,1.29186,1.50,2.25
2012.06.06 08:17:34.321,1.29147,1.29189,1.88,1.50
2012.06.06 08:17:35.685,1.29147,1.29188,2.63,1.50
2012.06.06 08:17:37.206,1.29147,1.29185,2.25,1.50
2012.06.06 08:17:37.593,1.29149,1.29185,1.50,1.50
2012.06.06 08:17:38.734,1.29145,1.29185,2.47,1.50
2012.06.06 08:17:42.495,1.29144,1.29185,2.10,3.00
2012.06.06 08:17:43.787,1.29144,1.29179,1.35,2.48
2012.06.06 08:17:44.136,1.29142,1.29177,2.10,1.13
2012.06.06 08:17:44.667,1.29142,1.29177,2.10,1.13
2012.06.06 08:17:44.891,1.29144,1.29179,1.35,1.50
2012.06.06 08:17:44.973,1.29141,1.29179,2.32,1.50
2012.06.06 08:17:45.262,1.29142,1.29179,1.35,2.25
2012.06.06 08:17:45.735,1.29142,1.29168,1.35,1.50
2012.06.06 08:17:46.018,1.29144,1.29173,1.35,3.98
2012.06.06 08:17:46.226,1.29144,1.29177,2.32,1.50
2012.06.06 08:17:46.485,1.29142,1.29177,1.35,1.50
2012.06.06 08:17:47.122,1.29142,1.29179,1.35,1.88
2012.06.06 08:17:47.255,1.29144,1.2918,1.35,1.13
2012.06.06 08:17:47.404,1.29144,1.2918,1.35,2.63
2012.06.06 08:17:47.540,1.29144,1.29178,1.35,1.13
2012.06.06 08:17:47.620,1.29143,1.2918,2.10,1.50
2012.06.06 08:17:48.344,1.2914,1.29178,2.10,1.50
2012.06.06 08:17:48.553,1.2914,1.29178,1.35,1.50
2012.06.06 08:17:48.684,1.2914,1.29177,1.35,1.50
2012.06.06 08:17:49.004,1.2914,1.29173,1.35,1.50
2012.06.06 08:17:49.926,1.2914,1.29173,1.35,1.50
2012.06.06 08:17:50.832,1.2914,1.29177,1.35,1.50
2012.06.06 08:17:51.358,1.2914,1.29175,1.35,1.50
2012.06.06 08:17:51.926,1.2914,1.29177,1.35,2.25
2012.06.06 08:17:52.469,1.2914,1.29176,1.35,1.50
2012.06.06 08:17:52.736,1.2914,1.29178,1.35,3.23
2012.06.06 08:17:53.006,1.2914,1.29179,1.35,1.50
2012.06.06 08:17:53.143,1.2914,1.29179,1.35,1.50
2012.06.06 08:17:53.274,1.2914,1.29175,1.35,1.50
2012.06.06 08:17:53.547,1.2914,1.29174,1.35,1.50
2012.06.06 08:17:54.210,1.29141,1.29175,1.35,1.50
2012.06.06 08:17:54.824,1.29141,1.2918,1.35,1.50
2012.06.06 08:17:55.441,1.29141,1.29175,1.35,1.50
2012.06.06 08:17:56.325,1.29141,1.29175,1.35,1.50
2012.06.06 08:17:57.805,1.29141,1.29175,1.35,1.50
2012.06.06 08:17:59.177,1.29146,1.29176,1.72,1.50
2012.06.06 08:17:59.245,1.29146,1.29183,1.72,3.38
2012.06.06 08:17:59.436,1.29151,1.2918,1.73,2.25
2012.06.06 08:17:59.752,1.29151,1.2918,2.48,2.25
2012.06.06 08:18:02.476,1.29151,1.29182,1.73,1.50
2012.06.06 08:18:03.202,1.29147,1.29179,1.72,1.50
2012.06.06 08:18:03.415,1.29145,1.29179,2.47,1.50
2012.06.06 08:18:04.484,1.29145,1.29179,1.72,1.50
2012.06.06 08:18:04.834,1.29145,1.29179,1.72,1.50
2012.06.06 08:18:05.704,1.29144,1.2918,2.85,2.25
2012.06.06 08:18:05.776,1.29146,1.2918,1.72,1.50
2012.06.06 08:18:06.281,1.29144,1.2918,1.35,1.50
2012.06.06 08:18:06.362,1.29146,1.2918,1.72,1.50
2012.06.06 08:18:07.425,1.29148,1.2918,1.50,1.50
2012.06.06 08:18:07.807,1.29146,1.2918,1.72,1.50
2012.06.06 08:18:09.498,1.29148,1.2918,1.50,1.50
2012.06.06 08:18:09.937,1.29146,1.2918,1.72,1.50
2012.06.06 08:18:10.066,1.29147,1.29182,2.70,1.50
2012.06.06 08:18:10.409,1.29152,1.29185,3.23,3.00
2012.06.06 08:18:10.487,1.29152,1.29182,2.48,1.50
2012.06.06 08:18:10.979,1.29154,1.29186,1.13,2.25
2012.06.06 08:18:11.124,1.29158,1.29186,2.48,1.50
2012.06.06 08:18:11.196,1.29158,1.29183,2.48,1.50
2012.06.06 08:18:11.469,1.29157,1.29192,1.50,2.25
2012.06.06 08:18:11.827,1.29158,1.29189,2.48,1.50
2012.06.06 08:18:11.967,1.29158,1.29193,2.48,3.00
2012.06.06 08:18:12.036,1.29157,1.29193,1.50,3.00
2012.06.06 08:18:14.172,1.29157,1.29186,1.50,1.50
2012.06.06 08:18:14.537,1.2915,1.29183,2.47,1.50
2012.06.06 08:18:14.995,1.29157,1.29189,1.50,1.50
2012.06.06 08:18:16.044,1.2915,1.29192,2.47,2.25
2012.06.06 08:18:16.914,1.29147,1.29191,3.22,2.63
2012.06.06 08:18:16.986,1.29147,1.29183,2.47,1.50
2012.06.06 08:18:17.269,1.29144,1.29182,1.35,2.25
2012.06.06 08:18:17.345,1.2915,1.29182,1.50,2.25
2012.06.06 08:18:17.753,1.2915,1.29184,2.25,1.50
2012.06.06 08:18:17.835,1.2915,1.29189,2.47,1.50
2012.06.06 08:18:18.174,1.29153,1.29184,1.72,2.25
2012.06.06 08:18:18.496,1.29144,1.29178,1.35,2.25
2012.06.06 08:18:18.565,1.29144,1.29176,1.35,2.25
2012.06.06 08:18:18.634,1.29144,1.29174,1.35,2.25
2012.06.06 08:18:18.777,1.29144,1.29171,1.35,1.73
2012.06.06 08:18:19.058,1.29144,1.29175,1.35,2.25
2012.06.06 08:18:19.130,1.29144,1.29171,1.35,1.50
2012.06.06 08:18:19.207,1.29144,1.29174,1.35,1.50
2012.06.06 08:18:19.281,1.29144,1.2917,1.35,2.48
2012.06.06 08:18:19.639,1.2914,1.29166,2.10,1.50
2012.06.06 08:18:20.119,1.2914,1.29166,1.35,2.25
2012.06.06 08:18:20.677,1.2914,1.29167,1.35,2.48
2012.06.06 08:18:21.317,1.2914,1.29168,1.35,2.25
2012.06.06 08:18:21.877,1.29143,1.29169,1.35,1.50
2012.06.06 08:18:22.677,1.29143,1.29171,1.35,1.50
2012.06.06 08:18:22.748,1.29143,1.29173,1.35,1.50
2012.06.06 08:18:23.299,1.29144,1.29173,1.35,1.50
2012.06.06 08:18:23.380,1.29144,1.29176,1.35,1.50
2012.06.06 08:18:23.460,1.29144,1.2918,1.35,1.50
2012.06.06 08:18:23.612,1.29144,1.29179,1.35,2.25
2012.06.06 08:18:23.689,1.2914,1.29175,1.35,1.50
2012.06.06 08:18:23.835,1.2914,1.29168,1.35,1.50
2012.06.06 08:18:24.034,1.29142,1.29172,1.35,1.50
2012.06.06 08:18:24.165,1.29142,1.29176,1.35,2.25
2012.06.06 08:18:25.046,1.29142,1.29177,1.35,2.48
2012.06.06 08:18:25.590,1.29142,1.29177,1.35,2.48
2012.06.06 08:18:25.806,1.29142,1.29177,1.35,1.50
2012.06.06 08:18:25.878,1.29142,1.2918,1.35,2.25
2012.06.06 08:18:26.238,1.29142,1.29182,1.35,1.50
2012.06.06 08:18:26.458,1.29142,1.29182,1.35,2.25
2012.06.06 08:18:26.993,1.29142,1.29182,1.35,1.50
2012.06.06 08:18:27.326,1.29144,1.29183,1.35,1.50
2012.06.06 08:18:27.658,1.29148,1.29178,1.50,1.50
2012.06.06 08:18:27.806,1.29148,1.2918,1.50,1.50
2012.06.06 08:18:28.004,1.29144,1.2918,2.10,1.50
2012.06.06 08:18:30.068,1.29144,1.2918,1.35,1.50
2012.06.06 08:18:30.197,1.29144,1.29188,1.35,2.25
2012.06.06 08:18:30.745,1.29144,1.29185,1.35,2.25
2012.06.06 08:18:31.259,1.29144,1.29185,1.35,2.25
2012.06.06 08:18:31.721,1.29144,1.29185,1.35,2.25
2012.06.06 08:18:31.799,1.29144,1.29185,1.35,2.25
2012.06.06 08:18:32.285,1.29142,1.29182,1.35,3.00
2012.06.06 08:18:32.501,1.29144,1.29182,1.35,1.50
2012.06.06 08:18:32.578,1.29144,1.29181,1.35,1.13
2012.06.06 08:18:32.715,1.29144,1.29182,1.35,3.00
2012.06.06 08:18:32.786,1.29144,1.29178,1.35,1.50
2012.06.06 08:18:33.127,1.29144,1.29173,1.35,1.50
2012.06.06 08:18:33.460,1.29144,1.29175,1.35,1.50
2012.06.06 08:18:33.538,1.29144,1.29177,1.35,1.50
2012.06.06 08:18:33.899,1.29142,1.29172,1.35,1.50
2012.06.06 08:18:34.404,1.29142,1.29159,1.35,1.13
2012.06.06 08:18:36.243,1.29139,1.2916,1.35,1.13
2012.06.06 08:18:36.393,1.29139,1.29158,1.35,2.48
2012.06.06 08:18:36.641,1.29139,1.29159,1.13,1.13
2012.06.06 08:18:36.863,1.29139,1.29159,1.26,1.13
2012.06.06 08:18:37.835,1.29137,1.29159,1.26,1.13
2012.06.06 08:18:38.378,1.29137,1.29159,1.26,1.13
2012.06.06 08:18:39.936,1.29138,1.29159,1.26,1.13
2012.06.06 08:18:40.904,1.29138,1.29159,1.26,1.13
2012.06.06 08:18:41.407,1.29138,1.29159,1.26,1.13
2012.06.06 08:18:42.826,1.29138,1.29164,1.26,1.13
2012.06.06 08:18:43.014,1.29138,1.29163,1.26,1.13
2012.06.06 08:18:43.545,1.29138,1.29163,1.26,1.13
2012.06.06 08:18:44.103,1.29138,1.29163,1.26,1.13
2012.06.06 08:18:44.458,1.29134,1.29158,2.23,2.10
2012.06.06 08:18:44.525,1.29134,1.29158,2.23,2.85
2012.06.06 08:18:45.044,1.29137,1.29155,1.26,1.13
2012.06.06 08:18:45.674,1.29137,1.29159,1.26,1.13
2012.06.06 08:18:46.226,1.29137,1.2916,1.26,1.13
2012.06.06 08:18:46.565,1.29135,1.29154,1.26,1.13
2012.06.06 08:18:47.274,1.29139,1.29154,1.26,1.13
2012.06.06 08:18:47.928,1.29139,1.29154,1.26,1.13
2012.06.06 08:18:50.336,1.29139,1.29158,1.26,1.13
2012.06.06 08:18:52.303,1.29139,1.29158,1.26,1.13
2012.06.06 08:18:52.839,1.29139,1.29158,1.26,1.13
2012.06.06 08:18:54.025,1.29137,1.29158,1.26,2.85
2012.06.06 08:18:54.364,1.29137,1.29158,1.26,1.13
2012.06.06 08:18:55.568,1.29136,1.29158,1.26,1.13
2012.06.06 08:18:56.272,1.29136,1.29158,1.26,1.13
2012.06.06 08:18:57.010,1.29136,1.29158,1.26,1.13
2012.06.06 08:18:59.575,1.29136,1.29158,1.26,1.13
2012.06.06 08:18:59.715,1.29133,1.29158,2.05,1.13
2012.06.06 08:19:00.325,1.29134,1.29153,1.02,1.13
2012.06.06 08:19:00.457,1.29134,1.29158,1.02,1.73
2012.06.06 08:19:00.596,1.29144,1.29166,1.13,2.25
2012.06.06 08:19:00.965,1.29139,1.29162,1.13,1.50
2012.06.06 08:19:01.284,1.29139,1.29159,1.13,1.50
2012.06.06 08:19:01.355,1.29139,1.29163,1.13,2.25
2012.06.06 08:19:01.912,1.29139,1.29162,1.13,1.50
2012.06.06 08:19:02.577,1.29139,1.29164,1.13,1.50
2012.06.06 08:19:03.142,1.29139,1.29162,1.13,1.50
2012.06.06 08:19:04.161,1.29139,1.29162,1.13,1.50
2012.06.06 08:19:04.533,1.29136,1.29166,1.13,2.25
2012.06.06 08:19:04.783,1.29138,1.29169,1.13,1.13
2012.06.06 08:19:04.855,1.29138,1.29166,1.13,1.13
2012.06.06 08:19:06.025,1.29143,1.29171,1.13,1.50
2012.06.06 08:19:06.295,1.29138,1.29169,1.13,1.50
2012.06.06 08:19:06.890,1.29138,1.29168,1.13,1.50
2012.06.06 08:19:07.274,1.29138,1.29166,1.13,1.50
2012.06.06 08:19:08.008,1.29138,1.29171,1.13,1.50
2012.06.06 08:19:08.073,1.29138,1.29166,1.13,1.50
2012.06.06 08:19:08.768,1.29143,1.29166,1.13,1.50
2012.06.06 08:19:08.908,1.29146,1.29172,1.50,1.50
2012.06.06 08:19:09.310,1.29147,1.29178,1.50,2.25
2012.06.06 08:19:12.499,1.29144,1.29175,2.10,1.13
2012.06.06 08:19:12.650,1.29147,1.29175,1.50,1.13
2012.06.06 08:19:12.798,1.29147,1.29175,1.50,1.13
2012.06.06 08:19:13.016,1.29148,1.29173,1.50,2.63
2012.06.06 08:19:13.525,1.2915,1.29182,2.25,1.50
2012.06.06 08:19:13.598,1.2915,1.29175,2.25,1.50
2012.06.06 08:19:13.952,1.2915,1.2918,1.50,2.25
2012.06.06 08:19:15.283,1.29149,1.29178,1.50,3.23
2012.06.06 08:19:15.925,1.29146,1.29173,1.50,1.13
2012.06.06 08:19:16.190,1.29145,1.29171,1.35,1.73
2012.06.06 08:19:16.528,1.29145,1.2917,1.35,1.50
2012.06.06 08:19:16.969,1.29144,1.29179,1.72,1.13
2012.06.06 08:19:18.689,1.29147,1.29173,1.50,1.13
2012.06.06 08:19:20.684,1.29147,1.29181,1.50,2.48
2012.06.06 08:19:21.016,1.29155,1.29185,1.50,2.25
2012.06.06 08:19:21.268,1.29155,1.2918,1.50,1.50
2012.06.06 08:19:21.616,1.29146,1.29183,1.72,2.25
2012.06.06 08:19:24.209,1.29146,1.29183,1.72,2.25
2012.06.06 08:19:24.426,1.29147,1.29185,2.47,1.50
2012.06.06 08:19:24.695,1.2915,1.29189,3.22,2.48
2012.06.06 08:19:24.835,1.29147,1.29187,3.22,1.88
2012.06.06 08:19:24.980,1.29151,1.29186,3.00,2.10
2012.06.06 08:19:25.061,1.29149,1.29183,2.25,1.13
2012.06.06 08:19:25.140,1.29149,1.29183,2.25,1.13
2012.06.06 08:19:25.947,1.29145,1.29179,2.47,1.13
2012.06.06 08:19:26.355,1.29144,1.29178,1.35,2.48
2012.06.06 08:19:26.478,1.29146,1.29184,1.13,2.63
2012.06.06 08:19:26.618,1.29147,1.29184,2.48,1.88
2012.06.06 08:19:26.954,1.29146,1.29179,1.50,1.13
2012.06.06 08:19:27.877,1.29146,1.29179,2.25,1.13
2012.06.06 08:19:27.944,1.29147,1.29179,1.50,1.13
2012.06.06 08:19:28.565,1.29146,1.29187,2.25,2.25
2012.06.06 08:19:29.086,1.2915,1.29181,1.13,1.50
2012.06.06 08:19:31.073,1.2915,1.29181,1.13,1.50
2012.06.06 08:19:31.205,1.29149,1.29184,2.48,2.25
2012.06.06 08:19:31.525,1.29148,1.29183,1.50,2.25
2012.06.06 08:19:33.675,1.29144,1.29178,1.50,1.50
2012.06.06 08:19:34.006,1.29143,1.29183,1.35,1.13
2012.06.06 08:19:34.438,1.29144,1.29174,1.13,1.13
2012.06.06 08:19:34.508,1.29149,1.29174,1.50,1.13
2012.06.06 08:19:34.594,1.29144,1.29179,1.13,1.13
2012.06.06 08:19:34.737,1.29145,1.29179,1.50,2.85
2012.06.06 08:19:34.943,1.29145,1.29179,1.50,2.85
2012.06.06 08:19:35.501,1.29144,1.29179,1.35,1.13
2012.06.06 08:19:35.995,1.29144,1.29184,1.88,1.88
2012.06.06 08:19:36.066,1.29147,1.29184,1.50,1.88
2012.06.06 08:19:36.134,1.29147,1.29184,1.50,1.13
2012.06.06 08:19:36.547,1.29144,1.29184,2.85,1.50
2012.06.06 08:19:38.182,1.29147,1.29184,1.50,1.88
2012.06.06 08:19:38.466,1.29144,1.29184,1.88,1.88
2012.06.06 08:19:38.537,1.29144,1.29184,1.13,1.88
2012.06.06 08:19:38.725,1.29144,1.29184,2.10,1.88
2012.06.06 08:19:38.795,1.29146,1.29184,1.50,1.88
2012.06.06 08:19:43.116,1.29147,1.29184,1.50,1.50
2012.06.06 08:19:44.476,1.29144,1.29178,2.10,1.73
2012.06.06 08:19:44.545,1.29144,1.29178,1.35,2.48
2012.06.06 08:19:44.743,1.29144,1.29178,1.35,2.48
2012.06.06 08:19:46.236,1.29144,1.29184,2.85,1.50
2012.06.06 08:19:46.796,1.29146,1.29183,1.50,1.13
2012.06.06 08:19:47.176,1.29144,1.29184,1.88,1.88
2012.06.06 08:19:49.064,1.29144,1.29183,1.88,1.13
2012.06.06 08:19:49.685,1.29144,1.29184,2.10,1.50
2012.06.06 08:19:50.428,1.29148,1.29184,2.48,1.88
2012.06.06 08:19:50.717,1.29144,1.29184,1.88,1.50
2012.06.06 08:19:50.785,1.29144,1.29184,1.13,1.50
2012.06.06 08:19:54.763,1.29144,1.29184,1.88,1.50
2012.06.06 08:19:55.416,1.29147,1.29184,1.88,1.50
2012.06.06 08:19:55.754,1.29156,1.29184,2.70,1.50
2012.06.06 08:19:56.085,1.29144,1.29179,1.35,1.13
2012.06.06 08:19:56.214,1.29143,1.29176,1.35,2.48
2012.06.06 08:19:56.426,1.29143,1.29176,1.35,2.48
2012.06.06 08:19:57.187,1.29144,1.29182,1.35,1.13
2012.06.06 08:19:57.377,1.29146,1.29186,1.50,3.23
2012.06.06 08:19:57.447,1.29148,1.29189,2.48,1.50
2012.06.06 08:20:01.406,1.29148,1.29183,1.73,1.50
2012.06.06 08:20:01.754,1.29143,1.29183,1.35,1.88
2012.06.06 08:20:02.486,1.29144,1.29183,1.35,1.88
2012.06.06 08:20:02.756,1.29143,1.29183,1.35,1.88
2012.06.06 08:20:03.297,1.29146,1.29183,1.50,1.50
2012.06.06 08:20:03.574,1.29144,1.29188,1.13,1.88
2012.06.06 08:20:04.995,1.29143,1.29183,1.35,1.50
2012.06.06 08:20:05.432,1.29144,1.29183,1.35,1.88
2012.06.06 08:20:05.814,1.29144,1.29189,1.35,1.88
2012.06.06 08:20:09.223,1.29144,1.29183,1.13,1.50
2012.06.06 08:20:10.763,1.29147,1.29188,1.50,1.13
2012.06.06 08:20:12.447,1.29153,1.29196,1.50,3.00
2012.06.06 08:20:12.779,1.29168,1.29195,1.73,2.33
2012.06.06 08:20:13.115,1.29157,1.29188,1.50,2.33
2012.06.06 08:20:13.184,1.29157,1.29188,1.72,2.33
2012.06.06 08:20:13.256,1.29157,1.29192,1.72,2.33
2012.06.06 08:20:13.706,1.29163,1.29192,1.50,1.58
2012.06.06 08:20:17.593,1.29161,1.29192,1.50,1.95
2012.06.06 08:20:17.666,1.29158,1.29191,1.50,1.20
2012.06.06 08:20:17.925,1.29151,1.29189,1.50,2.33
2012.06.06 08:20:17.994,1.29154,1.29189,2.32,2.33
2012.06.06 08:20:18.065,1.29154,1.29189,2.10,2.33
2012.06.06 08:20:18.258,1.29152,1.29189,1.50,3.30
2012.06.06 08:20:18.340,1.29152,1.29189,1.50,3.30
2012.06.06 08:20:18.488,1.29152,1.29185,1.50,1.88
2012.06.06 08:20:18.687,1.29147,1.29185,2.47,1.13
2012.06.06 08:20:19.304,1.2915,1.2919,1.50,1.58
2012.06.06 08:20:19.546,1.2915,1.2919,1.50,1.20
2012.06.06 08:20:19.737,1.29147,1.29189,2.47,1.20
2012.06.06 08:20:20.065,1.2915,1.2919,1.50,1.95
2012.06.06 08:20:20.137,1.2915,1.2919,1.50,1.95
2012.06.06 08:20:20.205,1.2915,1.2919,1.50,1.95
2012.06.06 08:20:20.473,1.2915,1.2919,1.50,1.95
2012.06.06 08:20:21.919,1.2915,1.29187,1.50,1.13
2012.06.06 08:20:22.068,1.29147,1.29183,2.25,1.13
2012.06.06 08:20:22.394,1.29147,1.29187,3.00,1.13
2012.06.06 08:20:23.852,1.2915,1.29187,1.50,1.13
2012.06.06 08:20:24.309,1.29147,1.29187,3.75,1.13
2012.06.06 08:20:24.539,1.2915,1.29187,1.50,1.13
2012.06.06 08:20:25.418,1.2915,1.29189,1.50,1.20
2012.06.06 08:20:25.543,1.29147,1.29183,2.25,1.13
2012.06.06 08:20:25.738,1.29147,1.29183,2.25,1.13
2012.06.06 08:20:26.056,1.29147,1.29183,3.00,1.13
2012.06.06 08:20:26.256,1.29149,1.29186,1.50,2.48
2012.06.06 08:20:26.328,1.29151,1.29186,1.50,2.48
2012.06.06 08:20:26.666,1.29156,1.29189,1.50,1.95
2012.06.06 08:20:27.024,1.29156,1.29189,2.25,1.20
2012.06.06 08:20:31.973,1.29154,1.29189,2.25,1.58
2012.06.06 08:20:32.102,1.29154,1.29189,1.50,1.58
2012.06.06 08:20:32.234,1.29151,1.29189,3.00,1.58
2012.06.06 08:20:33.646,1.29151,1.29184,2.25,1.50
2012.06.06 08:20:33.716,1.29148,1.29181,1.72,2.48
2012.06.06 08:20:34.084,1.29146,1.29181,1.50,1.73
2012.06.06 08:20:34.161,1.29153,1.29186,2.25,1.50
2012.06.06 08:20:34.367,1.29156,1.29186,2.25,1.50
2012.06.06 08:20:34.504,1.29156,1.29186,1.50,2.25
2012.06.06 08:20:36.312,1.29156,1.29185,1.50,1.50
2012.06.06 08:20:36.385,1.29156,1.29188,1.50,1.58
2012.06.06 08:20:36.753,1.29157,1.29188,1.50,1.58
2012.06.06 08:20:36.944,1.29157,1.29192,2.25,1.58
2012.06.06 08:20:37.275,1.29152,1.29192,3.60,1.58
2012.06.06 08:20:37.787,1.29156,1.29192,1.50,1.58
2012.06.06 08:20:38.951,1.29152,1.29197,2.48,3.45
2012.06.06 08:20:39.027,1.29152,1.29191,2.48,1.58
2012.06.06 08:20:39.906,1.29152,1.29197,1.50,2.70
2012.06.06 08:20:41.266,1.29151,1.29191,2.25,1.58
2012.06.06 08:20:46.128,1.29159,1.29191,1.50,1.58
2012.06.06 08:20:46.447,1.29162,1.29198,2.47,2.04
2012.06.06 08:20:46.583,1.29161,1.29193,2.25,1.58
2012.06.06 08:20:46.653,1.29161,1.29198,3.00,2.04
2012.06.06 08:20:47.036,1.29161,1.29199,3.00,2.28
2012.06.06 08:20:47.236,1.29161,1.29193,2.25,1.58
2012.06.06 08:20:47.307,1.29161,1.29191,1.50,1.58
