2012.06.05 02:00:00.970,1.28617,1.28655,1.50,1.50
2012.06.05 02:00:01.574,1.28614,1.28655,1.50,1.50
2012.06.05 02:00:01.651,1.28616,1.2866,1.50,2.25
2012.06.05 02:00:04.678,1.28616,1.28656,1.50,1.50
2012.06.05 02:00:13.278,1.28612,1.28656,1.54,3.00
2012.06.05 02:00:13.409,1.28613,1.28655,1.54,3.23
2012.06.05 02:00:13.548,1.28611,1.28649,3.41,1.50
2012.06.05 02:00:14.492,1.28611,1.28649,1.88,1.50
2012.06.05 02:00:14.799,1.28612,1.28649,1.13,1.50
2012.06.05 02:00:14.989,1.28611,1.28649,1.13,1.50
2012.06.05 02:00:15.763,1.28612,1.2865,1.16,1.50
2012.06.05 02:00:16.148,1.28612,1.28655,2.63,1.15
2012.06.05 02:00:16.474,1.28614,1.28658,2.48,1.50
2012.06.05 02:00:16.931,1.28616,1.28657,1.50,2.25
2012.06.05 02:00:18.229,1.28616,1.28656,1.50,1.50
2012.06.05 02:00:18.478,1.28616,1.2866,1.50,1.15
2012.06.05 02:00:18.990,1.28616,1.28657,1.50,1.50
2012.06.05 02:00:24.068,1.28615,1.28656,1.50,1.50
2012.06.05 02:00:28.838,1.28616,1.28657,1.50,3.00
2012.06.05 02:00:35.256,1.28616,1.28658,1.50,2.25
2012.06.05 02:00:35.778,1.28622,1.2866,2.48,1.15
2012.06.05 02:00:35.969,1.28616,1.2866,1.50,1.15
2012.06.05 02:00:44.943,1.28618,1.2866,1.35,1.15
2012.06.05 02:00:45.015,1.28628,1.28662,1.73,1.15
2012.06.05 02:00:45.092,1.28623,1.28662,2.25,1.15
2012.06.05 02:00:45.409,1.28623,1.28663,2.25,1.50
2012.06.05 02:00:45.537,1.28623,1.28667,2.25,2.65
2012.06.05 02:00:46.342,1.28628,1.28668,1.50,1.90
2012.06.05 02:00:46.484,1.28628,1.28669,1.50,1.50
2012.06.05 02:00:46.770,1.28629,1.28668,2.25,1.50
2012.06.05 02:00:46.898,1.28629,1.28666,2.25,1.50
2012.06.05 02:00:47.100,1.28629,1.28667,2.25,1.50
2012.06.05 02:00:47.230,1.28629,1.28671,2.25,1.15
2012.06.05 02:00:47.367,1.28631,1.28674,1.50,1.50
2012.06.05 02:00:47.512,1.28633,1.28679,2.25,1.50
2012.06.05 02:00:47.651,1.28638,1.28674,1.50,1.50
2012.06.05 02:00:47.720,1.28638,1.28674,1.50,1.50
2012.06.05 02:00:47.789,1.28627,1.28674,1.50,1.50
2012.06.05 02:00:48.307,1.28627,1.28674,1.50,1.50
2012.06.05 02:00:48.500,1.28631,1.28676,2.48,2.25
2012.06.05 02:00:48.569,1.28631,1.28676,3.23,2.25
2012.06.05 02:00:48.888,1.28631,1.28673,2.48,1.15
2012.06.05 02:00:49.139,1.28631,1.28671,2.48,1.50
2012.06.05 02:00:49.600,1.28631,1.28675,1.54,1.15
2012.06.05 02:00:49.674,1.28638,1.28675,1.50,1.90
2012.06.05 02:00:49.810,1.28635,1.28675,1.54,2.25
2012.06.05 02:00:49.879,1.28635,1.28674,1.50,1.50
2012.06.05 02:00:49.950,1.28636,1.28675,1.50,2.25
2012.06.05 02:00:50.220,1.28636,1.28674,1.50,1.50
2012.06.05 02:00:50.423,1.28636,1.2867,1.50,2.25
2012.06.05 02:00:50.761,1.28636,1.2867,1.50,1.50
2012.06.05 02:00:50.829,1.28636,1.28674,1.50,2.25
2012.06.05 02:00:50.971,1.28636,1.28674,1.50,1.50
2012.06.05 02:00:51.042,1.28638,1.28683,1.50,1.50
2012.06.05 02:00:51.111,1.2864,1.28683,1.50,1.50
2012.06.05 02:00:51.256,1.2864,1.28678,1.50,1.15
2012.06.05 02:00:51.662,1.28642,1.28683,2.89,1.50
2012.06.05 02:00:51.912,1.28642,1.28683,2.51,1.50
2012.06.05 02:00:51.983,1.28639,1.28683,2.29,1.50
2012.06.05 02:00:53.602,1.28639,1.28679,1.50,1.50
2012.06.05 02:00:54.449,1.28639,1.28682,1.50,1.15
2012.06.05 02:00:54.760,1.28643,1.2868,1.50,2.25
2012.06.05 02:00:54.887,1.28643,1.28676,1.50,1.50
2012.06.05 02:00:55.200,1.28643,1.28676,1.50,1.50
2012.06.05 02:00:55.270,1.28643,1.2868,1.50,2.25
2012.06.05 02:00:56.791,1.28647,1.28684,1.50,2.25
2012.06.05 02:00:56.858,1.28647,1.28684,1.50,2.25
2012.06.05 02:01:02.099,1.28647,1.28685,1.50,2.25
2012.06.05 02:01:02.230,1.28645,1.28683,1.50,1.50
2012.06.05 02:01:02.300,1.28645,1.28683,1.50,1.15
2012.06.05 02:01:02.502,1.28643,1.28683,1.50,1.50
2012.06.05 02:01:02.760,1.28645,1.28681,1.50,1.50
2012.06.05 02:01:03.278,1.28645,1.28682,1.50,1.50
2012.06.05 02:01:04.150,1.28643,1.28682,1.50,2.25
2012.06.05 02:01:04.220,1.28643,1.28681,1.50,1.50
2012.06.05 02:01:04.648,1.28643,1.28686,1.50,1.15
2012.06.05 02:01:04.778,1.28645,1.28685,1.50,1.50
2012.06.05 02:01:05.099,1.28645,1.28685,1.50,1.50
2012.06.05 02:01:05.170,1.28645,1.28685,1.50,1.50
2012.06.05 02:01:05.241,1.28645,1.28684,1.50,1.50
2012.06.05 02:01:05.430,1.28644,1.28684,1.50,3.00
2012.06.05 02:01:06.740,1.28644,1.28684,1.50,3.00
2012.06.05 02:01:07.000,1.28644,1.28682,1.50,1.50
2012.06.05 02:01:07.262,1.28643,1.28682,1.50,1.50
2012.06.05 02:01:07.640,1.28637,1.2868,1.39,1.50
2012.06.05 02:01:07.960,1.28637,1.28674,1.35,2.48
2012.06.05 02:01:08.031,1.28639,1.28679,1.50,2.25
2012.06.05 02:01:08.102,1.28636,1.28679,2.29,2.25
2012.06.05 02:01:08.844,1.28638,1.28678,1.50,1.50
2012.06.05 02:01:12.397,1.28635,1.28678,1.50,1.50
2012.06.05 02:01:12.530,1.28632,1.28673,2.29,1.50
2012.06.05 02:01:12.971,1.28638,1.28672,1.50,1.50
2012.06.05 02:01:13.520,1.28641,1.28673,1.50,1.50
2012.06.05 02:01:13.852,1.28641,1.28679,2.25,1.50
2012.06.05 02:01:13.925,1.28641,1.28677,2.25,1.15
2012.06.05 02:01:13.999,1.28641,1.28677,2.25,1.15
2012.06.05 02:01:16.081,1.28642,1.28676,2.25,1.50
2012.06.05 02:01:16.149,1.28642,1.28675,1.50,1.50
2012.06.05 02:01:16.458,1.28647,1.28675,1.50,1.50
2012.06.05 02:01:17.000,1.28643,1.28675,1.50,1.50
2012.06.05 02:01:17.249,1.28643,1.28676,1.50,1.50
2012.06.05 02:01:17.579,1.28643,1.28683,2.25,1.50
2012.06.05 02:01:17.652,1.28643,1.28683,2.25,1.50
2012.06.05 02:01:17.779,1.28642,1.28684,2.25,1.15
2012.06.05 02:01:17.909,1.28642,1.28678,1.50,1.50
2012.06.05 02:01:18.291,1.28642,1.28678,1.50,1.50
2012.06.05 02:01:18.365,1.28637,1.28678,2.25,1.50
2012.06.05 02:01:18.574,1.28644,1.28678,1.50,1.50
2012.06.05 02:01:18.970,1.28639,1.28678,2.29,1.50
2012.06.05 02:01:19.180,1.28639,1.28678,2.29,1.50
2012.06.05 02:01:20.739,1.28644,1.28683,2.25,1.50
2012.06.05 02:01:20.992,1.28644,1.28688,2.25,1.50
2012.06.05 02:01:21.598,1.28637,1.28678,1.54,1.50
2012.06.05 02:01:21.669,1.28637,1.28678,1.54,1.50
2012.06.05 02:01:21.979,1.28638,1.28684,2.29,1.50
2012.06.05 02:01:22.288,1.28638,1.28683,3.98,1.50
2012.06.05 02:01:22.421,1.28638,1.28679,2.51,1.50
2012.06.05 02:01:22.998,1.2864,1.28679,2.25,1.50
2012.06.05 02:01:23.072,1.2864,1.2868,3.00,1.50
2012.06.05 02:01:23.583,1.2864,1.2868,3.00,1.50
2012.06.05 02:01:26.482,1.2864,1.28684,1.50,1.15
2012.06.05 02:01:26.549,1.28644,1.28683,1.50,1.15
2012.06.05 02:01:26.809,1.28644,1.28682,1.50,1.50
2012.06.05 02:01:28.242,1.28642,1.28683,1.50,1.15
2012.06.05 02:01:28.597,1.28648,1.28683,2.48,1.15
2012.06.05 02:01:28.972,1.28648,1.28688,2.48,2.25
2012.06.05 02:01:29.222,1.28654,1.28689,2.48,1.50
2012.06.05 02:01:50.251,1.28654,1.28688,2.48,1.50
2012.06.05 02:01:50.438,1.28649,1.28688,2.29,1.50
2012.06.05 02:01:51.758,1.28653,1.28688,2.25,1.50
2012.06.05 02:01:52.068,1.28648,1.28694,2.29,1.50
2012.06.05 02:01:52.271,1.28648,1.28694,3.04,1.50
2012.06.05 02:01:52.410,1.28653,1.28694,2.25,1.50
2012.06.05 02:01:52.795,1.28651,1.28694,2.29,1.50
2012.06.05 02:01:53.298,1.28648,1.28694,2.51,1.50
2012.06.05 02:01:55.252,1.28648,1.28686,2.51,1.50
2012.06.05 02:01:55.319,1.28653,1.28686,1.50,1.50
2012.06.05 02:01:55.629,1.28658,1.28684,1.50,1.50
2012.06.05 02:01:55.948,1.28658,1.28684,1.50,1.50
2012.06.05 02:01:57.173,1.28653,1.28684,1.50,1.50
2012.06.05 02:01:57.818,1.28653,1.28681,1.50,1.50
2012.06.05 02:01:59.101,1.2865,1.28681,1.50,1.50
2012.06.05 02:02:04.692,1.2865,1.28676,1.50,1.13
2012.06.05 02:02:04.821,1.28646,1.28676,1.50,1.13
2012.06.05 02:02:05.567,1.28646,1.28676,1.50,1.13
2012.06.05 02:02:10.190,1.28646,1.28674,1.50,1.13
2012.06.05 02:02:10.558,1.28643,1.28674,1.50,1.13
2012.06.05 02:02:13.019,1.28638,1.28674,2.25,1.13
2012.06.05 02:02:13.149,1.28638,1.28674,2.25,1.13
2012.06.05 02:02:13.458,1.28642,1.28681,2.25,2.25
2012.06.05 02:02:13.788,1.28644,1.28681,1.50,2.25
2012.06.05 02:02:14.349,1.28639,1.28681,2.25,2.25
2012.06.05 02:02:14.481,1.28644,1.28681,1.50,2.25
2012.06.05 02:02:14.801,1.2864,1.28681,2.25,2.25
2012.06.05 02:02:15.315,1.28643,1.28681,1.50,1.50
2012.06.05 02:02:15.453,1.28641,1.28681,1.50,1.50
2012.06.05 02:02:18.425,1.28641,1.28683,1.50,1.90
2012.06.05 02:02:18.980,1.28644,1.28685,1.50,1.15
2012.06.05 02:02:19.120,1.28647,1.28684,2.48,2.25
2012.06.05 02:02:22.688,1.28647,1.28681,1.73,1.50
2012.06.05 02:02:22.761,1.28641,1.28681,1.54,1.50
2012.06.05 02:02:22.829,1.28644,1.28683,1.50,1.50
2012.06.05 02:02:23.138,1.28639,1.28679,2.25,1.50
2012.06.05 02:02:34.652,1.28633,1.28678,2.29,2.48
2012.06.05 02:02:34.795,1.28641,1.28681,1.50,1.05
2012.06.05 02:02:38.459,1.28641,1.28684,1.50,1.15
2012.06.05 02:02:42.668,1.28641,1.28683,1.50,1.90
2012.06.05 02:02:49.689,1.28641,1.28679,1.50,1.50
2012.06.05 02:02:49.880,1.28644,1.28679,1.50,1.50
2012.06.05 02:02:51.461,1.28641,1.28679,1.54,1.50
2012.06.05 02:02:51.536,1.28641,1.28683,1.50,1.90
2012.06.05 02:03:00.892,1.28641,1.28679,1.50,1.50
2012.06.05 02:03:17.128,1.28641,1.28679,1.50,1.50
2012.06.05 02:03:23.727,1.28639,1.28689,2.25,2.10
2012.06.05 02:03:35.453,1.28641,1.28688,1.50,2.40
2012.06.05 02:03:36.034,1.28634,1.28683,2.29,1.50
2012.06.05 02:03:40.678,1.28634,1.28676,3.00,1.50
2012.06.05 02:03:40.988,1.28638,1.28678,2.25,1.50
2012.06.05 02:03:42.041,1.28633,1.28678,2.29,1.50
2012.06.05 02:03:42.348,1.28632,1.2867,1.54,2.48
2012.06.05 02:03:42.658,1.2863,1.2867,2.25,2.48
2012.06.05 02:03:42.920,1.28634,1.28678,2.25,2.48
2012.06.05 02:03:44.800,1.28639,1.28681,1.50,1.50
2012.06.05 02:03:45.253,1.28635,1.28679,2.29,1.50
2012.06.05 02:03:45.582,1.28639,1.2868,3.00,1.50
2012.06.05 02:03:46.317,1.28634,1.28679,2.29,1.50
2012.06.05 02:03:47.784,1.28639,1.2868,1.50,1.50
2012.06.05 02:03:55.427,1.28639,1.28685,1.50,1.15
2012.06.05 02:03:55.691,1.28641,1.28679,2.48,1.50
2012.06.05 02:04:12.399,1.28639,1.28682,1.50,1.50
2012.06.05 02:04:12.711,1.28639,1.28685,3.23,1.15
2012.06.05 02:04:12.785,1.28643,1.28685,1.50,1.15
2012.06.05 02:04:27.741,1.28645,1.28681,2.48,1.50
2012.06.05 02:04:27.880,1.28645,1.28681,2.48,1.50
2012.06.05 02:04:28.011,1.28643,1.28688,1.50,1.50
2012.06.05 02:04:28.137,1.28645,1.28681,1.73,1.50
2012.06.05 02:04:28.208,1.28647,1.28681,1.50,1.50
2012.06.05 02:04:28.281,1.28644,1.28681,1.50,1.50
2012.06.05 02:04:28.528,1.28644,1.2869,2.25,2.48
2012.06.05 02:04:28.661,1.28644,1.28692,2.25,1.05
2012.06.05 02:04:28.922,1.28643,1.28689,2.25,3.23
2012.06.05 02:04:29.109,1.28643,1.28689,2.25,1.50
2012.06.05 02:04:30.173,1.28646,1.28689,2.25,3.98
2012.06.05 02:04:30.245,1.28652,1.28688,1.35,1.50
2012.06.05 02:04:30.380,1.28652,1.28692,2.10,1.50
2012.06.05 02:04:30.510,1.28652,1.28694,2.10,1.50
2012.06.05 02:04:30.699,1.28652,1.28694,1.35,1.50
2012.06.05 02:04:30.961,1.28646,1.28694,1.69,1.50
2012.06.05 02:04:31.281,1.28647,1.287,1.50,2.25
2012.06.05 02:04:35.958,1.28648,1.287,1.50,3.00
2012.06.05 02:04:36.728,1.28645,1.28698,3.00,1.50
2012.06.05 02:04:36.934,1.28645,1.28698,3.00,1.50
2012.06.05 02:04:37.009,1.28651,1.28693,2.25,1.50
2012.06.05 02:04:37.397,1.28651,1.28696,2.25,2.48
2012.06.05 02:04:37.591,1.28648,1.28697,1.50,1.50
2012.06.05 02:04:37.908,1.28647,1.28697,3.83,2.25
2012.06.05 02:04:38.219,1.2865,1.28701,1.50,2.25
2012.06.05 02:04:38.599,1.2865,1.28693,1.50,1.50
2012.06.05 02:04:44.095,1.28655,1.28699,1.50,1.50
2012.06.05 02:04:48.650,1.28672,1.28699,2.48,1.90
2012.06.05 02:04:48.779,1.28672,1.28699,1.73,1.50
2012.06.05 02:04:48.850,1.28672,1.28709,1.73,1.50
2012.06.05 02:04:49.700,1.28672,1.28713,1.73,1.50
2012.06.05 02:04:52.628,1.28676,1.28713,1.50,1.50
2012.06.05 02:04:52.973,1.28681,1.28719,1.50,1.50
2012.06.05 02:04:53.040,1.28692,1.28728,1.50,1.50
2012.06.05 02:04:53.234,1.28692,1.28719,1.50,2.25
2012.06.05 02:04:53.429,1.2868,1.28719,1.50,2.25
2012.06.05 02:04:53.563,1.28677,1.28709,2.66,1.50
2012.06.05 02:04:53.868,1.28676,1.28703,1.69,1.50
2012.06.05 02:04:54.550,1.28676,1.28708,1.50,2.25
2012.06.05 02:04:57.609,1.28666,1.28709,1.50,2.25
2012.06.05 02:05:01.720,1.2867,1.28709,1.50,2.25
2012.06.05 02:05:02.256,1.28674,1.28709,1.50,1.50
2012.06.05 02:05:04.551,1.28674,1.28712,1.50,2.25
2012.06.05 02:05:04.868,1.28674,1.28717,3.23,2.25
2012.06.05 02:05:05.188,1.28674,1.28713,1.50,2.25
2012.06.05 02:05:05.818,1.28674,1.28716,1.50,2.25
2012.06.05 02:05:06.010,1.28671,1.28716,1.50,2.25
2012.06.05 02:05:06.321,1.28668,1.28714,1.50,2.25
2012.06.05 02:05:06.469,1.28674,1.28714,1.50,2.25
2012.06.05 02:05:06.601,1.28674,1.28711,1.50,1.50
2012.06.05 02:05:07.668,1.28669,1.28713,1.50,1.50
2012.06.05 02:05:08.928,1.28669,1.28712,1.50,1.15
2012.06.05 02:05:09.118,1.28669,1.28712,1.50,1.15
2012.06.05 02:05:09.757,1.28672,1.28713,1.54,1.50
2012.06.05 02:05:10.071,1.28674,1.2872,1.54,2.25
2012.06.05 02:05:10.378,1.28683,1.28728,1.73,1.50
2012.06.05 02:05:10.448,1.28683,1.28728,2.48,1.50
2012.06.05 02:05:10.518,1.28679,1.28728,3.00,1.50
2012.06.05 02:05:10.718,1.28677,1.28723,2.25,2.25
2012.06.05 02:05:10.910,1.28677,1.28728,1.50,1.50
2012.06.05 02:05:10.980,1.28677,1.28729,1.50,2.25
2012.06.05 02:05:11.286,1.28684,1.28733,3.98,1.50
2012.06.05 02:05:11.420,1.28684,1.28733,3.98,1.50
2012.06.05 02:05:11.960,1.28693,1.28733,1.54,1.50
2012.06.05 02:05:12.283,1.287,1.28737,1.54,1.50
2012.06.05 02:05:12.492,1.28702,1.2874,1.54,1.50
2012.06.05 02:05:12.692,1.28702,1.28736,1.50,2.25
2012.06.05 02:05:13.125,1.28699,1.28736,1.50,1.50
2012.06.05 02:05:13.379,1.28699,1.28736,1.50,2.25
2012.06.05 02:05:14.979,1.287,1.28734,2.48,1.50
2012.06.05 02:05:15.531,1.287,1.28736,2.48,1.50
2012.06.05 02:05:16.989,1.28698,1.28736,1.50,1.50
2012.06.05 02:05:20.689,1.28697,1.28723,1.50,2.25
2012.06.05 02:05:20.764,1.28688,1.28719,2.14,1.50
2012.06.05 02:05:20.843,1.28683,1.28713,1.16,1.35
2012.06.05 02:05:20.911,1.28683,1.28719,1.13,1.50
2012.06.05 02:05:21.240,1.28679,1.28713,2.25,1.50
2012.06.05 02:05:21.370,1.28679,1.28714,2.25,1.50
2012.06.05 02:05:21.438,1.28679,1.28715,2.25,1.50
2012.06.05 02:05:22.000,1.28687,1.28724,2.25,1.50
2012.06.05 02:05:22.072,1.28692,1.28727,2.25,1.50
2012.06.05 02:05:22.201,1.28692,1.28727,2.25,1.50
2012.06.05 02:05:22.450,1.28692,1.28727,1.50,1.50
2012.06.05 02:05:22.641,1.28692,1.28722,1.50,1.73
2012.06.05 02:05:22.968,1.28688,1.28729,2.29,1.50
2012.06.05 02:05:25.299,1.28695,1.28734,2.25,1.90
2012.06.05 02:05:25.508,1.28695,1.28734,2.25,1.90
2012.06.05 02:05:28.460,1.28693,1.28733,1.50,1.50
2012.06.05 02:05:28.709,1.28693,1.28731,1.50,1.73
2012.06.05 02:05:29.567,1.28693,1.28731,1.50,2.48
2012.06.05 02:05:29.639,1.28692,1.28731,3.00,2.48
2012.06.05 02:05:29.829,1.28691,1.28722,1.50,1.73
2012.06.05 02:05:31.211,1.28688,1.28722,1.54,2.48
2012.06.05 02:05:31.279,1.28681,1.28722,1.54,2.48
2012.06.05 02:05:31.409,1.28675,1.28722,3.00,2.12
2012.06.05 02:05:31.480,1.28675,1.28714,3.00,1.73
2012.06.05 02:05:31.799,1.28684,1.28723,2.25,1.50
2012.06.05 02:05:32.350,1.28694,1.28729,1.50,2.48
2012.06.05 02:05:37.167,1.28691,1.28716,1.50,1.73
2012.06.05 02:05:37.240,1.28684,1.28716,2.25,1.73
2012.06.05 02:05:37.619,1.28683,1.28716,1.50,1.73
2012.06.05 02:05:37.690,1.28689,1.28716,1.50,1.73
2012.06.05 02:05:37.821,1.28689,1.28716,1.50,1.73
2012.06.05 02:05:37.959,1.28688,1.28724,2.25,1.50
2012.06.05 02:05:38.029,1.28693,1.28724,1.50,1.50
2012.06.05 02:05:38.698,1.2869,1.28724,2.25,1.50
2012.06.05 02:05:47.167,1.28682,1.28721,2.25,1.50
2012.06.05 02:05:53.013,1.28682,1.28717,2.25,1.73
2012.06.05 02:05:53.078,1.28677,1.28717,3.04,1.73
2012.06.05 02:05:53.150,1.28681,1.2871,1.50,1.73
2012.06.05 02:05:53.339,1.28681,1.28718,1.50,1.73
2012.06.05 02:05:53.411,1.28676,1.28718,2.29,1.73
2012.06.05 02:05:53.483,1.28676,1.28704,2.29,1.73
2012.06.05 02:05:53.693,1.28674,1.28704,2.25,1.73
2012.06.05 02:05:53.761,1.28678,1.28704,2.25,1.73
2012.06.05 02:05:53.832,1.28678,1.28713,2.25,1.73
2012.06.05 02:05:53.901,1.28678,1.28713,2.25,2.48
2012.06.05 02:05:54.422,1.28678,1.2871,2.25,1.50
2012.06.05 02:05:54.491,1.28678,1.2871,1.50,1.50
2012.06.05 02:05:54.824,1.28678,1.28713,2.25,1.50
2012.06.05 02:05:55.372,1.28672,1.2871,1.50,1.50
2012.06.05 02:05:55.699,1.28678,1.28718,2.25,1.50
2012.06.05 02:05:55.770,1.28674,1.28717,2.25,2.48
2012.06.05 02:05:56.720,1.28674,1.28717,2.25,2.48
2012.06.05 02:06:01.861,1.28674,1.28713,2.29,1.50
2012.06.05 02:06:03.217,1.28674,1.28719,2.29,1.50
2012.06.05 02:06:04.378,1.28674,1.28719,2.29,1.50
2012.06.05 02:06:04.569,1.28675,1.28724,1.54,3.00
2012.06.05 02:06:05.462,1.28675,1.28718,1.54,1.50
2012.06.05 02:06:05.590,1.28672,1.28718,1.54,1.50
2012.06.05 02:06:06.790,1.28677,1.28719,1.50,2.63
2012.06.05 02:06:07.780,1.28674,1.28719,2.25,1.88
2012.06.05 02:06:10.239,1.28672,1.28719,1.50,1.88
2012.06.05 02:06:10.319,1.28676,1.28718,1.35,2.25
2012.06.05 02:06:10.451,1.28676,1.28718,1.35,2.25
2012.06.05 02:06:11.179,1.28675,1.28719,2.25,1.13
2012.06.05 02:06:11.252,1.28675,1.28719,2.25,1.13
2012.06.05 02:06:11.439,1.28675,1.28719,2.25,1.13
2012.06.05 02:06:11.760,1.28675,1.28719,2.25,1.13
2012.06.05 02:06:11.889,1.28675,1.28719,2.25,1.88
2012.06.05 02:06:12.282,1.28672,1.28719,1.50,1.88
2012.06.05 02:06:12.482,1.28672,1.28719,3.00,1.88
2012.06.05 02:06:12.931,1.28672,1.28719,2.25,1.88
2012.06.05 02:06:13.190,1.28672,1.28719,2.25,1.88
2012.06.05 02:06:13.500,1.28672,1.28719,3.00,1.13
2012.06.05 02:06:23.940,1.28672,1.28722,2.25,4.35
2012.06.05 02:06:24.248,1.28672,1.28719,2.25,1.50
2012.06.05 02:06:26.501,1.28673,1.28722,1.50,1.88
2012.06.05 02:06:26.629,1.28673,1.28722,1.50,3.60
2012.06.05 02:06:26.960,1.28672,1.28722,2.25,1.88
2012.06.05 02:06:27.038,1.28672,1.28722,3.00,3.60
2012.06.05 02:06:27.111,1.28672,1.28721,3.00,1.50
2012.06.05 02:06:32.210,1.28672,1.2872,2.25,1.88
2012.06.05 02:06:33.201,1.28672,1.28718,2.25,1.50
2012.06.05 02:06:33.521,1.28672,1.28718,2.25,1.50
2012.06.05 02:06:34.569,1.28672,1.28718,2.25,1.50
2012.06.05 02:06:37.089,1.28675,1.2872,2.48,1.88
2012.06.05 02:06:37.277,1.28677,1.2872,1.13,1.88
2012.06.05 02:06:39.270,1.28675,1.2872,2.48,1.13
2012.06.05 02:06:39.402,1.28673,1.2872,1.50,1.13
2012.06.05 02:06:39.710,1.2867,1.28719,2.25,1.50
2012.06.05 02:06:40.019,1.28671,1.28722,1.50,3.60
2012.06.05 02:06:40.092,1.28671,1.28722,2.25,3.60
2012.06.05 02:06:40.277,1.28671,1.28722,1.54,3.60
2012.06.05 02:06:41.741,1.28674,1.28722,1.54,2.85
2012.06.05 02:06:42.789,1.28674,1.28719,1.54,1.50
2012.06.05 02:06:43.051,1.28682,1.28725,1.50,2.25
2012.06.05 02:06:43.720,1.28673,1.28723,1.54,3.23
2012.06.05 02:06:45.878,1.28678,1.28719,1.50,1.50
2012.06.05 02:06:46.483,1.28682,1.2872,1.50,1.50
2012.06.05 02:06:47.231,1.28682,1.28723,1.50,2.48
2012.06.05 02:06:47.838,1.28682,1.2872,1.50,1.50
2012.06.05 02:06:49.488,1.28671,1.28723,2.29,2.48
2012.06.05 02:06:49.939,1.28671,1.28723,2.29,3.23
2012.06.05 02:06:57.219,1.28671,1.28719,2.25,1.88
2012.06.05 02:06:57.539,1.28668,1.28719,3.23,2.63
2012.06.05 02:06:57.850,1.28677,1.28719,1.13,2.63
2012.06.05 02:07:00.451,1.28674,1.28719,2.48,1.88
2012.06.05 02:07:00.521,1.28674,1.28719,3.98,1.50
2012.06.05 02:07:03.481,1.2867,1.28721,2.25,1.50
2012.06.05 02:07:04.072,1.28671,1.28722,1.50,2.10
2012.06.05 02:07:05.729,1.28674,1.28721,2.25,1.05
2012.06.05 02:07:07.658,1.28674,1.28722,2.29,1.80
2012.06.05 02:07:07.919,1.28674,1.28718,2.51,3.00
2012.06.05 02:07:08.370,1.28672,1.28721,1.50,1.50
2012.06.05 02:07:09.198,1.2867,1.28718,2.89,1.50
2012.06.05 02:07:09.508,1.2867,1.28718,2.85,1.50
2012.06.05 02:07:09.771,1.28672,1.28722,1.50,3.00
2012.06.05 02:07:15.528,1.28669,1.28722,2.29,1.50
2012.06.05 02:07:16.152,1.28672,1.28722,1.50,4.13
2012.06.05 02:07:16.281,1.28672,1.28722,1.50,4.13
2012.06.05 02:07:16.470,1.28672,1.28721,1.50,1.50
2012.06.05 02:07:21.958,1.28672,1.2872,1.54,1.50
2012.06.05 02:07:22.269,1.2867,1.28718,2.48,1.50
2012.06.05 02:07:23.578,1.2867,1.28718,2.48,1.50
2012.06.05 02:07:24.189,1.28676,1.28721,2.48,1.50
2012.06.05 02:07:24.260,1.28676,1.28721,2.48,3.00
2012.06.05 02:07:26.472,1.28676,1.28717,2.48,2.25
2012.06.05 02:07:28.984,1.28672,1.28718,1.50,1.50
2012.06.05 02:07:29.061,1.28677,1.28718,2.48,1.50
2012.06.05 02:07:29.192,1.28677,1.28719,2.48,1.50
2012.06.05 02:07:29.261,1.28677,1.28719,2.48,1.50
2012.06.05 02:07:29.514,1.28672,1.28721,2.44,1.35
2012.06.05 02:07:30.320,1.28673,1.28721,2.25,2.40
2012.06.05 02:07:30.828,1.28672,1.28721,1.54,3.00
2012.06.05 02:07:40.728,1.28669,1.28719,3.04,1.50
2012.06.05 02:07:42.927,1.28669,1.28721,2.29,2.10
2012.06.05 02:07:44.488,1.28667,1.2872,1.54,2.25
2012.06.05 02:07:45.068,1.28671,1.28719,2.25,1.50
2012.06.05 02:07:46.759,1.28674,1.28719,2.48,2.25
2012.06.05 02:07:47.129,1.28676,1.28721,1.13,1.50
2012.06.05 02:07:47.379,1.28676,1.28721,1.13,1.50
2012.06.05 02:07:48.064,1.28676,1.28721,1.13,1.50
2012.06.05 02:07:48.272,1.28681,1.28721,1.50,1.50
2012.06.05 02:07:51.999,1.28679,1.28728,2.25,2.25
2012.06.05 02:07:52.351,1.28679,1.28722,1.50,2.25
2012.06.05 02:07:52.420,1.28679,1.28722,1.50,2.25
2012.06.05 02:07:52.941,1.28671,1.28718,2.25,1.65
2012.06.05 02:07:54.859,1.28672,1.28714,1.50,1.13
2012.06.05 02:07:55.190,1.28672,1.28714,1.50,1.13
2012.06.05 02:07:55.499,1.28681,1.28723,1.35,2.63
2012.06.05 02:07:55.810,1.28683,1.28721,2.48,1.15
2012.06.05 02:07:55.880,1.28683,1.28722,2.48,1.15
2012.06.05 02:07:56.021,1.28683,1.28723,2.51,1.88
2012.06.05 02:07:56.209,1.28685,1.28723,1.50,1.88
2012.06.05 02:07:56.283,1.28691,1.28724,2.48,1.13
2012.06.05 02:07:56.473,1.28691,1.28723,2.48,1.50
2012.06.05 02:07:57.660,1.28687,1.28724,1.50,1.13
2012.06.05 02:07:57.731,1.28687,1.28724,2.25,1.88
2012.06.05 02:07:57.930,1.28692,1.28724,1.50,1.13
2012.06.05 02:07:57.998,1.28692,1.28733,1.54,1.15
2012.06.05 02:07:58.542,1.28695,1.28734,1.50,2.65
2012.06.05 02:07:58.670,1.28695,1.28734,1.50,2.25
2012.06.05 02:07:58.810,1.28698,1.28739,1.50,2.44
2012.06.05 02:07:59.948,1.28698,1.28736,1.50,2.08
2012.06.05 02:08:04.491,1.28692,1.28734,1.50,1.15
2012.06.05 02:08:11.238,1.2869,1.28736,1.50,2.44
2012.06.05 02:08:11.680,1.28688,1.28734,3.23,1.15
2012.06.05 02:08:11.753,1.28688,1.28734,3.23,1.15
2012.06.05 02:08:12.310,1.28688,1.28731,1.54,1.15
2012.06.05 02:08:12.439,1.28695,1.28733,1.50,2.12
2012.06.05 02:08:12.508,1.28695,1.28733,1.50,1.73
2012.06.05 02:08:14.019,1.28694,1.28733,1.50,2.12
2012.06.05 02:08:15.367,1.28694,1.28733,1.50,2.12
2012.06.05 02:08:15.636,1.28694,1.28733,1.50,2.12
2012.06.05 02:08:15.767,1.28692,1.28732,1.50,1.15
2012.06.05 02:08:19.117,1.28692,1.28733,1.50,2.87
2012.06.05 02:08:19.657,1.28688,1.28733,1.50,2.48
2012.06.05 02:08:26.576,1.28688,1.28733,1.50,2.87
2012.06.05 02:08:26.831,1.28682,1.28726,1.50,2.48
2012.06.05 02:08:30.179,1.28682,1.28722,1.50,1.50
2012.06.05 02:08:30.321,1.28682,1.28722,1.50,1.50
2012.06.05 02:08:32.010,1.28686,1.28724,1.50,1.65
2012.06.05 02:08:32.728,1.28686,1.28726,1.50,1.45
2012.06.05 02:08:33.719,1.28686,1.28724,1.50,3.15
2012.06.05 02:08:37.480,1.28681,1.28721,1.54,1.50
2012.06.05 02:08:40.887,1.28682,1.28725,1.50,3.38
2012.06.05 02:08:43.626,1.28682,1.28725,1.50,2.63
2012.06.05 02:08:44.407,1.28682,1.28725,1.50,2.63
2012.06.05 02:08:44.878,1.2869,1.28725,1.50,1.73
2012.06.05 02:08:45.151,1.28695,1.2873,1.50,1.50
2012.06.05 02:08:45.340,1.28695,1.28727,1.50,1.50
2012.06.05 02:08:46.024,1.28695,1.28728,1.50,1.50
2012.06.05 02:08:50.017,1.28695,1.28732,1.50,2.25
2012.06.05 02:08:50.208,1.28695,1.28731,1.50,1.50
2012.06.05 02:08:53.160,1.28693,1.28731,1.50,1.50
2012.06.05 02:08:55.008,1.28693,1.28733,1.50,2.25
2012.06.05 02:08:55.139,1.28693,1.28731,1.50,1.50
2012.06.05 02:09:08.459,1.28689,1.28734,1.54,1.50
2012.06.05 02:09:10.832,1.28691,1.28729,1.50,2.48
2012.06.05 02:09:20.957,1.28694,1.28729,1.50,1.73
2012.06.05 02:09:21.150,1.28698,1.28731,1.50,1.50
2012.06.05 02:09:21.220,1.28696,1.28731,1.50,2.25
2012.06.05 02:09:21.662,1.28691,1.28728,1.50,2.48
2012.06.05 02:09:21.792,1.28691,1.28728,1.54,2.48
2012.06.05 02:09:29.078,1.28691,1.28731,1.54,2.48
2012.06.05 02:09:38.551,1.28697,1.28731,1.54,2.48
2012.06.05 02:09:43.510,1.28697,1.28731,1.50,1.50
2012.06.05 02:09:43.580,1.28697,1.28736,1.50,1.69
2012.06.05 02:09:56.218,1.28701,1.2874,1.50,2.44
2012.06.05 02:09:56.962,1.28706,1.28742,2.48,1.32
2012.06.05 02:09:57.999,1.28706,1.28739,2.48,1.69
2012.06.05 02:09:58.189,1.28706,1.28741,2.48,1.69
2012.06.05 02:09:58.738,1.28701,1.28741,1.50,1.69
2012.06.05 02:10:00.262,1.28701,1.28743,1.50,2.07
2012.06.05 02:10:00.927,1.28707,1.28743,2.48,2.07
2012.06.05 02:10:01.584,1.28707,1.28739,2.48,1.69
2012.06.05 02:10:02.071,1.28701,1.28741,1.50,1.69
2012.06.05 02:10:02.597,1.28701,1.28741,1.50,1.69
2012.06.05 02:10:03.240,1.287,1.28739,1.54,3.42
2012.06.05 02:10:03.883,1.287,1.28739,1.50,2.67
2012.06.05 02:10:04.023,1.28704,1.28739,1.50,1.92
2012.06.05 02:10:04.094,1.28704,1.28739,1.50,1.73
2012.06.05 02:10:04.162,1.28704,1.28743,1.50,1.13
2012.06.05 02:10:04.469,1.28709,1.28747,1.50,1.71
2012.06.05 02:10:04.901,1.28711,1.28747,2.48,1.71
2012.06.05 02:10:05.232,1.28715,1.28749,2.48,1.69
2012.06.05 02:10:05.303,1.28715,1.2875,2.48,2.44
2012.06.05 02:10:06.450,1.28713,1.2875,2.48,2.44
2012.06.05 02:10:07.501,1.28713,1.2875,2.48,2.44
2012.06.05 02:10:08.116,1.28713,1.2875,2.48,2.44
2012.06.05 02:10:09.212,1.28711,1.28753,1.50,1.69
2012.06.05 02:10:09.990,1.28709,1.28753,2.48,1.69
2012.06.05 02:10:10.552,1.28713,1.28749,1.50,1.50
2012.06.05 02:10:10.679,1.28717,1.28753,1.50,1.50
2012.06.05 02:10:10.749,1.28717,1.28754,1.50,1.50
2012.06.05 02:10:10.880,1.28709,1.28753,2.48,1.50
2012.06.05 02:10:11.979,1.28709,1.28752,2.48,1.50
2012.06.05 02:10:16.029,1.28704,1.28744,1.50,1.50
2012.06.05 02:10:17.698,1.28704,1.28748,1.50,1.15
2012.06.05 02:10:29.009,1.2871,1.28753,2.48,1.50
2012.06.05 02:10:29.260,1.2871,1.28753,2.48,1.50
2012.06.05 02:10:29.571,1.2871,1.28747,2.48,2.25
2012.06.05 02:10:31.669,1.28712,1.28751,3.23,2.25
2012.06.05 02:10:31.738,1.28722,1.28751,2.48,2.25
2012.06.05 02:10:32.450,1.28722,1.28751,2.48,2.25
2012.06.05 02:10:43.202,1.28722,1.28753,2.48,1.50
2012.06.05 02:10:54.771,1.28713,1.2875,1.73,1.50
2012.06.05 02:10:54.901,1.28708,1.28744,1.69,1.50
2012.06.05 02:10:54.971,1.28709,1.28746,1.69,2.48
2012.06.05 02:11:04.331,1.28715,1.28755,2.48,2.25
2012.06.05 02:11:07.488,1.28715,1.28751,1.73,1.50
2012.06.05 02:11:07.559,1.28715,1.28751,1.73,1.50
2012.06.05 02:11:08.110,1.28707,1.28751,2.29,1.50
2012.06.05 02:11:09.789,1.28708,1.28756,1.50,1.58
2012.06.05 02:11:10.159,1.28715,1.28759,2.48,1.58
2012.06.05 02:11:11.408,1.28724,1.28757,2.48,2.33
2012.06.05 02:11:11.780,1.28724,1.28756,1.73,1.58
2012.06.05 02:11:11.910,1.28716,1.28756,2.48,1.58
2012.06.05 02:11:12.519,1.28716,1.28755,2.48,2.33
2012.06.05 02:11:12.591,1.28712,1.28751,1.50,1.58
2012.06.05 02:11:13.468,1.28711,1.28757,2.29,2.55
2012.06.05 02:11:14.137,1.28714,1.28759,2.48,1.58
2012.06.05 02:11:15.210,1.28714,1.28759,2.48,1.58
2012.06.05 02:11:16.742,1.28714,1.28759,2.48,1.58
2012.06.05 02:11:17.348,1.28714,1.28759,2.48,1.58
2012.06.05 02:11:18.213,1.28724,1.28759,1.73,2.33
2012.06.05 02:11:18.539,1.28724,1.28756,2.48,2.33
2012.06.05 02:11:20.169,1.28724,1.28757,1.73,1.58
2012.06.05 02:11:20.418,1.28715,1.28757,2.48,1.58
2012.06.05 02:11:21.709,1.28715,1.28757,2.48,1.58
2012.06.05 02:11:22.100,1.28715,1.28749,1.73,1.58
2012.06.05 02:11:22.412,1.28706,1.28749,3.08,1.58
2012.06.05 02:11:26.729,1.28708,1.28745,1.50,1.50
2012.06.05 02:11:27.896,1.28708,1.28742,1.50,1.50
2012.06.05 02:11:28.388,1.28708,1.28741,1.50,1.50
2012.06.05 02:11:28.461,1.28701,1.28741,1.91,1.50
2012.06.05 02:11:28.591,1.28701,1.28741,1.88,1.50
2012.06.05 02:11:28.661,1.28703,1.28739,1.13,1.73
2012.06.05 02:11:28.800,1.28712,1.2875,1.50,1.58
2012.06.05 02:11:29.170,1.28705,1.2875,2.29,1.58
2012.06.05 02:11:29.369,1.28715,1.2875,2.48,1.58
2012.06.05 02:11:29.710,1.28715,1.28753,1.73,1.58
2012.06.05 02:11:29.780,1.28715,1.28753,1.73,1.58
2012.06.05 02:11:29.849,1.28703,1.28753,2.85,1.58
2012.06.05 02:11:56.817,1.28703,1.28748,2.10,1.50
2012.06.05 02:11:57.008,1.287,1.28748,1.50,1.50
2012.06.05 02:11:57.539,1.28702,1.28748,1.50,1.50
2012.06.05 02:11:59.943,1.28702,1.28748,2.25,1.50
2012.06.05 02:12:00.069,1.28702,1.28748,1.50,1.50
2012.06.05 02:12:01.069,1.287,1.28748,1.50,1.50
2012.06.05 02:12:03.031,1.28701,1.28752,1.50,1.50
2012.06.05 02:12:07.280,1.287,1.28748,3.00,1.50
2012.06.05 02:12:09.365,1.287,1.28748,3.00,1.50
2012.06.05 02:12:09.678,1.287,1.28751,3.04,1.15
2012.06.05 02:12:09.808,1.287,1.28748,3.00,1.50
2012.06.05 02:12:11.587,1.287,1.28748,2.25,1.50
2012.06.05 02:12:16.999,1.28696,1.28741,1.54,1.65
2012.06.05 02:12:17.070,1.28703,1.28741,1.50,1.65
2012.06.05 02:12:17.143,1.28698,1.28741,1.54,1.65
2012.06.05 02:12:19.092,1.28698,1.28741,1.54,1.65
2012.06.05 02:12:19.280,1.28698,1.28745,4.01,1.65
2012.06.05 02:12:21.020,1.28702,1.28746,2.51,1.65
2012.06.05 02:12:21.307,1.28702,1.2874,1.76,1.65
2012.06.05 02:12:21.386,1.28701,1.28746,3.00,1.65
2012.06.05 02:12:21.937,1.28702,1.28746,2.48,1.65
2012.06.05 02:12:22.445,1.28702,1.28746,2.48,1.65
2012.06.05 02:12:23.000,1.28703,1.28746,2.25,1.65
2012.06.05 02:12:23.722,1.28703,1.28746,2.25,1.65
2012.06.05 02:12:24.280,1.28707,1.28746,1.50,1.65
2012.06.05 02:12:24.600,1.28701,1.28752,3.26,3.15
2012.06.05 02:12:26.113,1.28701,1.28752,4.01,1.65
2012.06.05 02:12:29.548,1.28701,1.28752,3.23,1.65
2012.06.05 02:12:29.991,1.28708,1.28749,2.89,2.40
2012.06.05 02:12:30.809,1.28708,1.28754,2.89,2.40
2012.06.05 02:12:31.738,1.28708,1.28758,2.89,2.40
2012.06.05 02:12:33.548,1.28708,1.28758,2.89,2.40
2012.06.05 02:12:34.052,1.28708,1.28754,2.89,2.40
2012.06.05 02:12:34.120,1.28708,1.28754,2.89,2.40
2012.06.05 02:12:34.648,1.28708,1.28754,2.89,2.40
2012.06.05 02:12:35.200,1.28708,1.28754,2.89,2.40
2012.06.05 02:12:36.549,1.28708,1.28759,4.39,1.65
2012.06.05 02:12:37.089,1.28708,1.28757,4.39,1.65
2012.06.05 02:12:37.656,1.28708,1.28757,4.39,1.65
2012.06.05 02:12:38.739,1.28708,1.28757,4.19,1.65
2012.06.05 02:12:38.870,1.28708,1.28752,4.19,2.63
2012.06.05 02:12:39.655,1.28708,1.28752,4.19,2.63
2012.06.05 02:12:40.199,1.28711,1.28752,1.20,2.63
2012.06.05 02:12:40.961,1.28711,1.28757,1.20,3.15
2012.06.05 02:12:41.686,1.28711,1.28757,1.24,3.15
2012.06.05 02:12:44.201,1.28712,1.28757,1.58,3.15
2012.06.05 02:12:44.713,1.28712,1.28752,1.58,2.63
2012.06.05 02:12:45.881,1.28711,1.28746,1.20,1.65
2012.06.05 02:12:47.759,1.28714,1.28746,1.58,1.65
2012.06.05 02:12:49.642,1.28714,1.28746,1.58,1.65
2012.06.05 02:12:50.241,1.28714,1.28746,1.58,1.65
2012.06.05 02:12:50.949,1.28719,1.28753,1.50,1.65
2012.06.05 02:12:51.707,1.28715,1.28745,1.58,1.65
2012.06.05 02:12:53.889,1.28715,1.28745,1.50,1.65
2012.06.05 02:12:54.430,1.28715,1.28745,1.50,1.65
2012.06.05 02:12:57.239,1.28719,1.28751,1.50,2.63
2012.06.05 02:12:57.548,1.28715,1.28745,1.50,1.65
2012.06.05 02:12:59.819,1.28715,1.28745,1.50,1.65
2012.06.05 02:13:00.889,1.28715,1.28745,1.50,1.50
2012.06.05 02:13:00.959,1.28715,1.28747,1.50,1.50
2012.06.05 02:13:01.360,1.28715,1.28745,1.50,1.50
2012.06.05 02:13:01.629,1.28714,1.28743,1.50,1.73
2012.06.05 02:13:01.760,1.28708,1.28743,1.50,2.48
2012.06.05 02:13:01.949,1.28714,1.28743,1.50,2.48
2012.06.05 02:13:02.150,1.28713,1.28741,1.50,1.50
2012.06.05 02:13:02.509,1.28713,1.2874,1.50,1.50
2012.06.05 02:13:04.042,1.28713,1.28746,1.50,1.50
2012.06.05 02:13:07.918,1.28711,1.28746,1.50,1.50
2012.06.05 02:13:09.239,1.28708,1.28747,1.50,1.50
2012.06.05 02:13:14.178,1.28708,1.28745,1.50,1.50
2012.06.05 02:13:19.649,1.28711,1.28745,1.50,1.50
2012.06.05 02:13:19.969,1.28704,1.28744,4.54,3.23
2012.06.05 02:13:20.223,1.28711,1.28745,1.50,1.50
2012.06.05 02:13:20.411,1.28711,1.28745,1.50,1.50
2012.06.05 02:13:20.940,1.28707,1.28749,2.25,1.50
2012.06.05 02:13:21.090,1.28707,1.28745,2.25,1.50
2012.06.05 02:13:28.149,1.2871,1.28748,3.23,1.50
2012.06.05 02:13:28.281,1.28713,1.28752,1.50,1.90
2012.06.05 02:13:30.259,1.28708,1.28746,1.50,1.50
2012.06.05 02:13:31.205,1.28708,1.28746,1.50,1.50
2012.06.05 02:13:32.761,1.28708,1.28746,1.50,1.50
2012.06.05 02:13:33.265,1.28705,1.28743,1.50,1.50
2012.06.05 02:13:33.853,1.28705,1.28742,1.50,2.48
2012.06.05 02:13:33.920,1.28703,1.28734,1.13,1.50
2012.06.05 02:13:33.990,1.28701,1.28734,2.29,1.50
2012.06.05 02:13:34.195,1.28696,1.28734,3.04,3.23
2012.06.05 02:13:34.510,1.28701,1.28736,1.50,1.50
2012.06.05 02:13:34.872,1.28702,1.28739,2.48,1.50
2012.06.05 02:13:35.016,1.28702,1.28736,1.73,1.50
2012.06.05 02:13:35.095,1.28699,1.28736,1.50,1.50
2012.06.05 02:13:35.243,1.28702,1.28736,1.50,1.50
2012.06.05 02:13:35.503,1.28705,1.28743,1.50,1.50
2012.06.05 02:13:36.911,1.28706,1.28741,1.50,2.25
2012.06.05 02:13:37.140,1.28707,1.28741,1.50,2.25
2012.06.05 02:13:37.460,1.28709,1.2874,1.50,1.50
2012.06.05 02:13:38.670,1.28699,1.28738,1.54,1.50
2012.06.05 02:13:44.651,1.28699,1.28727,1.54,1.73
2012.06.05 02:13:44.983,1.28697,1.28725,1.54,1.50
2012.06.05 02:13:45.229,1.28697,1.28725,1.50,1.50
2012.06.05 02:13:45.430,1.28699,1.28725,1.50,1.50
2012.06.05 02:13:45.504,1.28699,1.28727,3.00,1.50
2012.06.05 02:13:46.869,1.28699,1.28729,3.00,1.50
2012.06.05 02:13:46.997,1.28699,1.28729,2.25,1.50
2012.06.05 02:13:54.691,1.28699,1.28731,1.50,1.50
2012.06.05 02:13:59.082,1.28694,1.28729,2.29,2.25
2012.06.05 02:13:59.389,1.28694,1.28725,2.29,1.50
2012.06.05 02:14:00.708,1.28692,1.28725,1.16,1.50
2012.06.05 02:14:20.529,1.28696,1.28725,1.16,1.50
2012.06.05 02:14:21.073,1.28698,1.28725,1.16,1.50
2012.06.05 02:14:29.538,1.28696,1.28725,1.16,1.50
2012.06.05 02:14:49.227,1.28696,1.28725,1.16,1.50
2012.06.05 02:14:54.281,1.28699,1.28726,1.16,2.48
2012.06.05 02:14:54.411,1.28696,1.28725,1.91,1.50
2012.06.05 02:14:54.720,1.28699,1.28725,1.16,1.50
2012.06.05 02:14:56.499,1.28699,1.28727,1.16,2.25
2012.06.05 02:14:56.571,1.28699,1.28722,1.16,1.50
2012.06.05 02:14:56.759,1.28699,1.28727,1.13,2.25
2012.06.05 02:14:57.324,1.28699,1.28721,1.16,1.50
2012.06.05 02:14:57.783,1.28703,1.28729,1.50,2.25
2012.06.05 02:14:58.110,1.28699,1.28729,1.13,3.00
2012.06.05 02:14:58.483,1.28699,1.28722,1.13,2.25
2012.06.05 02:15:00.329,1.287,1.28719,1.13,2.25
2012.06.05 02:15:00.832,1.28699,1.28715,1.16,1.73
2012.06.05 02:15:01.860,1.2869,1.28715,1.54,1.73
2012.06.05 02:15:02.101,1.2869,1.28715,1.54,2.48
2012.06.05 02:15:05.543,1.28693,1.28719,1.54,1.50
2012.06.05 02:15:09.802,1.28691,1.28719,1.54,1.50
2012.06.05 02:15:09.928,1.28691,1.28719,1.54,1.50
2012.06.05 02:15:12.236,1.28691,1.28715,1.50,2.48
2012.06.05 02:15:12.312,1.28679,1.28713,1.16,1.50
2012.06.05 02:15:13.003,1.28681,1.28715,1.50,2.48
2012.06.05 02:15:15.408,1.28681,1.2872,1.50,1.50
2012.06.05 02:15:16.839,1.28681,1.28716,2.25,1.50
2012.06.05 02:15:17.090,1.28682,1.28712,1.50,1.50
2012.06.05 02:15:17.649,1.28687,1.28715,1.50,2.48
2012.06.05 02:15:17.720,1.28688,1.28715,1.50,2.48
2012.06.05 02:15:18.050,1.2869,1.28721,1.50,2.25
2012.06.05 02:15:25.900,1.2869,1.28724,1.50,1.50
2012.06.05 02:15:26.029,1.2869,1.28727,1.50,1.15
2012.06.05 02:15:28.158,1.28683,1.28721,1.50,1.50
2012.06.05 02:15:28.911,1.28689,1.28722,1.50,2.48
2012.06.05 02:15:28.984,1.2869,1.28724,1.50,2.25
2012.06.05 02:15:31.400,1.2869,1.28729,1.50,1.50
2012.06.05 02:15:31.541,1.28689,1.2873,1.50,2.25
2012.06.05 02:15:32.115,1.28689,1.28728,1.50,1.50
2012.06.05 02:15:41.566,1.2869,1.28728,1.50,1.50
2012.06.05 02:15:41.878,1.28696,1.28732,1.50,1.15
2012.06.05 02:15:43.568,1.287,1.28733,1.50,2.65
2012.06.05 02:15:43.894,1.28703,1.28729,1.50,1.50
2012.06.05 02:15:44.442,1.28703,1.28732,1.50,1.15
2012.06.05 02:15:46.107,1.28707,1.28733,1.50,2.65
2012.06.05 02:15:46.420,1.28711,1.28733,1.50,1.90
2012.06.05 02:15:46.979,1.28711,1.28733,1.50,1.50
2012.06.05 02:15:47.669,1.28713,1.28737,1.50,2.25
2012.06.05 02:15:51.309,1.28711,1.28737,1.50,2.25
2012.06.05 02:15:51.501,1.28702,1.28738,1.50,2.25
2012.06.05 02:16:26.369,1.28707,1.28739,1.73,1.15
2012.06.05 02:16:26.439,1.28707,1.2874,2.48,2.65
2012.06.05 02:16:26.750,1.28711,1.2874,1.50,2.65
2012.06.05 02:16:50.149,1.28707,1.2874,2.48,1.90
2012.06.05 02:16:51.533,1.28704,1.2874,1.50,1.15
2012.06.05 02:16:53.136,1.28702,1.28743,1.50,2.63
2012.06.05 02:17:00.609,1.28694,1.2874,3.23,1.50
2012.06.05 02:17:00.801,1.28694,1.28736,3.00,1.50
2012.06.05 02:17:04.647,1.28695,1.28743,1.50,4.13
2012.06.05 02:17:04.779,1.28702,1.28743,1.50,4.13
2012.06.05 02:17:05.211,1.28696,1.28743,1.50,3.38
2012.06.05 02:17:07.649,1.28689,1.28735,2.29,1.50
2012.06.05 02:17:08.172,1.28693,1.28729,2.25,1.50
2012.06.05 02:17:09.941,1.2869,1.28729,1.50,1.50
2012.06.05 02:17:10.441,1.28693,1.28729,1.54,1.50
2012.06.05 02:17:10.509,1.28695,1.28729,1.50,1.50
2012.06.05 02:17:11.316,1.28694,1.28739,2.25,2.25
2012.06.05 02:17:22.905,1.28694,1.28741,1.50,1.50
2012.06.05 02:17:36.972,1.2869,1.28737,1.50,1.50
2012.06.05 02:17:37.043,1.28691,1.28729,1.50,1.50
2012.06.05 02:17:37.553,1.28689,1.28729,1.16,1.50
2012.06.05 02:17:38.539,1.28691,1.28729,1.50,1.50
2012.06.05 02:17:38.672,1.28691,1.28737,2.25,2.48
2012.06.05 02:17:38.933,1.28689,1.28734,1.16,2.25
2012.06.05 02:17:39.722,1.28691,1.28737,1.50,2.25
2012.06.05 02:17:39.792,1.28701,1.28733,1.50,1.50
2012.06.05 02:17:40.160,1.28691,1.28733,3.00,1.50
2012.06.05 02:18:00.016,1.28691,1.28735,3.00,1.50
2012.06.05 02:18:16.680,1.28691,1.28738,2.25,2.25
2012.06.05 02:18:17.979,1.28691,1.28737,1.54,1.50
2012.06.05 02:18:18.854,1.28691,1.28731,1.50,1.50
2012.06.05 02:18:19.619,1.28691,1.28734,1.50,2.25
2012.06.05 02:18:33.327,1.28682,1.28731,3.41,2.25
2012.06.05 02:18:33.398,1.28682,1.28723,2.66,1.50
2012.06.05 02:18:33.470,1.28682,1.28723,2.66,1.50
2012.06.05 02:18:34.392,1.28683,1.28731,2.29,2.25
2012.06.05 02:18:36.405,1.28691,1.28733,1.50,1.50
2012.06.05 02:18:37.040,1.28691,1.28735,1.50,1.15
2012.06.05 02:18:37.588,1.28691,1.28733,1.50,1.50
2012.06.05 02:18:38.578,1.28692,1.28736,1.50,1.50
2012.06.05 02:18:48.429,1.28687,1.28736,3.00,1.50
2012.06.05 02:18:48.561,1.28687,1.2873,1.50,1.50
2012.06.05 02:18:50.112,1.28684,1.2873,3.04,1.50
2012.06.05 02:19:00.170,1.28681,1.28729,1.91,1.50
2012.06.05 02:19:00.243,1.28681,1.2872,1.16,1.50
2012.06.05 02:19:00.771,1.28681,1.2872,1.13,1.50
2012.06.05 02:19:01.358,1.28681,1.2872,2.66,1.50
2012.06.05 02:19:04.813,1.28681,1.2872,2.63,1.50
2012.06.05 02:19:05.181,1.28678,1.28707,1.50,2.48
2012.06.05 02:19:06.641,1.28678,1.28715,2.66,1.73
2012.06.05 02:19:06.830,1.28678,1.2872,2.66,1.50
2012.06.05 02:19:11.181,1.28678,1.2872,2.63,1.50
2012.06.05 02:19:15.402,1.28689,1.28723,1.50,2.48
2012.06.05 02:19:16.970,1.28689,1.28727,1.50,2.25
2012.06.05 02:19:17.943,1.28695,1.28722,1.50,1.50
2012.06.05 02:19:18.013,1.28695,1.28726,1.50,1.50
2012.06.05 02:19:20.030,1.28695,1.28726,1.50,1.50
2012.06.05 02:19:23.880,1.28695,1.28726,1.50,1.50
2012.06.05 02:19:24.070,1.28694,1.28731,1.50,1.15
2012.06.05 02:19:24.142,1.28694,1.28727,1.50,1.50
2012.06.05 02:19:24.477,1.28694,1.28723,1.50,1.50
2012.06.05 02:19:25.270,1.28695,1.28727,1.50,1.50
2012.06.05 02:19:25.342,1.28689,1.28727,1.50,2.25
2012.06.05 02:19:26.119,1.28687,1.28728,1.50,2.48
2012.06.05 02:19:26.741,1.28682,1.28713,1.50,1.50
2012.06.05 02:19:26.810,1.28682,1.28713,1.50,1.50
2012.06.05 02:19:26.883,1.28682,1.28716,1.50,2.48
2012.06.05 02:19:27.441,1.28682,1.28718,1.50,1.50
2012.06.05 02:19:36.785,1.28682,1.2872,1.50,1.50
2012.06.05 02:19:47.119,1.28694,1.28723,2.25,1.73
2012.06.05 02:19:47.567,1.28694,1.28727,1.50,2.48
2012.06.05 02:19:53.164,1.28691,1.28727,1.50,2.48
2012.06.05 02:19:53.232,1.28687,1.28721,1.50,1.50
2012.06.05 02:19:53.360,1.2869,1.2872,1.50,1.73
2012.06.05 02:19:53.746,1.2869,1.28724,1.50,1.50
2012.06.05 02:19:54.538,1.2869,1.28727,1.50,2.48
2012.06.05 02:19:57.029,1.28696,1.28727,1.50,1.73
2012.06.05 02:19:57.343,1.28696,1.28731,1.50,1.90
2012.06.05 02:19:58.018,1.28696,1.28731,1.50,1.90
2012.06.05 02:20:05.809,1.28696,1.28731,1.50,1.50
2012.06.05 02:20:05.892,1.28694,1.28731,1.50,2.25
2012.06.05 02:20:12.051,1.28696,1.28731,1.50,1.50
2012.06.05 02:20:14.501,1.28696,1.28735,1.50,2.65
2012.06.05 02:20:14.777,1.28696,1.28735,1.50,1.90
2012.06.05 02:20:16.209,1.28696,1.28735,1.50,1.90
2012.06.05 02:20:17.789,1.28696,1.28735,1.50,2.65
2012.06.05 02:20:19.311,1.28694,1.28733,1.50,1.50
2012.06.05 02:20:19.632,1.28691,1.28731,1.50,1.50
2012.06.05 02:20:19.712,1.2869,1.28729,1.50,1.50
2012.06.05 02:20:20.260,1.28688,1.28727,1.50,2.48
2012.06.05 02:20:35.509,1.2869,1.28725,1.50,1.50
2012.06.05 02:20:36.046,1.28695,1.28729,1.50,1.15
2012.06.05 02:20:47.052,1.28695,1.28729,1.50,1.15
2012.06.05 02:20:47.364,1.28702,1.28732,1.50,1.15
2012.06.05 02:20:51.563,1.28706,1.28734,1.50,2.25
2012.06.05 02:20:51.892,1.28712,1.28734,1.50,1.15
2012.06.05 02:20:52.033,1.28706,1.28742,1.50,1.50
2012.06.05 02:20:52.104,1.28706,1.28743,1.50,2.63
2012.06.05 02:20:52.442,1.28706,1.28742,1.50,1.50
2012.06.05 02:20:55.489,1.28706,1.28742,1.50,1.50
2012.06.05 02:20:58.698,1.28706,1.2874,1.50,1.15
2012.06.05 02:20:59.591,1.28702,1.28742,1.50,1.50
2012.06.05 02:21:16.569,1.28702,1.28742,1.50,1.50
2012.06.05 02:21:18.900,1.28702,1.28733,1.50,1.50
2012.06.05 02:21:19.519,1.28697,1.28736,2.25,1.50
2012.06.05 02:21:20.889,1.28697,1.28736,2.25,1.50
2012.06.05 02:21:21.201,1.28697,1.28729,2.25,1.50
2012.06.05 02:21:26.442,1.28694,1.28723,1.54,1.50
2012.06.05 02:21:27.061,1.2869,1.28723,1.50,1.50
2012.06.05 02:21:27.501,1.28694,1.28723,1.50,1.50
2012.06.05 02:21:28.020,1.28694,1.28723,1.50,1.50
2012.06.05 02:21:28.502,1.28689,1.28723,2.25,1.50
2012.06.05 02:21:29.251,1.28689,1.28723,1.50,1.50
2012.06.05 02:21:29.386,1.28689,1.28723,2.25,1.50
2012.06.05 02:21:29.739,1.28689,1.28723,2.25,1.50
2012.06.05 02:21:33.711,1.28685,1.28719,2.25,2.48
2012.06.05 02:21:33.840,1.28684,1.28719,1.50,2.48
2012.06.05 02:21:34.911,1.28686,1.28719,1.50,2.48
2012.06.05 02:21:37.489,1.28686,1.28719,1.50,2.48
2012.06.05 02:21:38.159,1.28685,1.28719,2.25,2.48
2012.06.05 02:21:42.441,1.28686,1.28719,1.50,2.48
2012.06.05 02:21:44.179,1.28683,1.28719,1.54,2.48
2012.06.05 02:21:44.370,1.28686,1.28719,1.50,2.48
2012.06.05 02:21:44.571,1.28693,1.28729,1.50,2.95
2012.06.05 02:21:44.643,1.28693,1.28729,1.50,2.25
2012.06.05 02:21:44.772,1.28693,1.28727,1.50,1.73
2012.06.05 02:21:44.908,1.28693,1.28729,1.50,2.25
2012.06.05 02:21:45.101,1.28693,1.28731,1.50,1.50
2012.06.05 02:21:53.691,1.28696,1.28732,1.50,2.48
2012.06.05 02:21:54.181,1.28696,1.28732,1.50,3.23
2012.06.05 02:21:54.492,1.28692,1.28728,1.50,1.50
2012.06.05 02:21:54.626,1.28693,1.28729,1.50,2.48
2012.06.05 02:21:54.894,1.28693,1.28732,1.50,3.23
2012.06.05 02:21:55.292,1.28693,1.28728,1.50,1.50
2012.06.05 02:21:55.420,1.28692,1.28729,1.50,1.50
2012.06.05 02:22:00.731,1.28692,1.28723,1.50,2.48
2012.06.05 02:22:00.803,1.28687,1.28719,1.50,1.50
2012.06.05 02:22:03.411,1.28687,1.28719,1.50,1.50
2012.06.05 02:22:03.540,1.28687,1.28725,1.50,1.50
2012.06.05 02:22:06.073,1.28691,1.28727,1.50,2.25
2012.06.05 02:22:06.200,1.28691,1.28727,1.50,2.25
2012.06.05 02:22:06.472,1.28691,1.28727,1.50,2.25
2012.06.05 02:22:06.743,1.28691,1.28727,1.50,1.15
2012.06.05 02:22:07.013,1.28691,1.28723,1.50,3.62
2012.06.05 02:22:07.284,1.28689,1.28721,1.50,1.50
2012.06.05 02:22:07.425,1.28684,1.28721,1.50,2.25
2012.06.05 02:22:07.492,1.28684,1.28718,1.50,2.48
2012.06.05 02:22:07.744,1.28684,1.28718,1.50,1.73
2012.06.05 02:22:07.813,1.28684,1.2872,1.50,1.50
2012.06.05 02:22:11.059,1.28682,1.2872,1.50,1.50
2012.06.05 02:22:11.607,1.28682,1.28721,1.50,1.50
2012.06.05 02:22:15.389,1.2869,1.28725,1.50,1.50
2012.06.05 02:22:16.552,1.2869,1.28728,1.50,3.62
2012.06.05 02:22:17.076,1.2869,1.28728,1.50,3.23
2012.06.05 02:22:20.233,1.2869,1.28728,1.50,3.62
2012.06.05 02:22:22.201,1.28687,1.28727,1.50,1.15
2012.06.05 02:22:25.150,1.28686,1.28726,1.50,1.50
2012.06.05 02:22:25.338,1.28686,1.28723,1.50,1.50
2012.06.05 02:22:25.473,1.28684,1.28724,1.50,1.50
2012.06.05 02:22:27.191,1.28687,1.28723,1.50,1.50
2012.06.05 02:22:27.322,1.28686,1.28723,1.50,1.50
2012.06.05 02:22:27.393,1.28687,1.28723,1.50,1.50
2012.06.05 02:22:27.710,1.28689,1.28727,1.50,1.50
2012.06.05 02:22:33.861,1.28687,1.28723,1.50,1.50
2012.06.05 02:22:33.932,1.28687,1.28723,1.50,1.50
2012.06.05 02:22:34.425,1.28687,1.28723,1.50,1.50
2012.06.05 02:22:34.490,1.28687,1.28723,1.50,1.50
2012.06.05 02:22:42.077,1.28687,1.28715,2.25,1.73
2012.06.05 02:22:42.152,1.28687,1.28725,2.25,1.50
2012.06.05 02:22:42.223,1.28687,1.28725,2.25,1.50
2012.06.05 02:22:43.380,1.28692,1.28729,1.50,2.48
2012.06.05 02:22:43.456,1.2869,1.28729,1.50,2.48
2012.06.05 02:22:45.133,1.28692,1.28736,2.25,3.40
2012.06.05 02:22:45.202,1.28697,1.28736,1.50,2.65
2012.06.05 02:22:45.484,1.28696,1.28735,2.29,2.25
2012.06.05 02:22:45.555,1.28696,1.28735,1.54,2.25
2012.06.05 02:22:46.100,1.28691,1.28735,2.29,1.15
2012.06.05 02:23:01.620,1.28691,1.2873,1.50,1.50
2012.06.05 02:23:01.909,1.2869,1.28726,1.50,1.50
2012.06.05 02:23:02.470,1.28687,1.28726,2.29,1.50
2012.06.05 02:23:03.136,1.28687,1.28726,2.25,1.50
2012.06.05 02:23:06.071,1.28687,1.28726,1.50,1.50
2012.06.05 02:23:06.581,1.28689,1.28726,1.50,1.50
2012.06.05 02:23:10.492,1.28687,1.28726,1.50,1.50
2012.06.05 02:23:25.330,1.28689,1.28727,1.50,1.50
2012.06.05 02:23:25.831,1.28691,1.2873,1.50,1.50
2012.06.05 02:23:27.671,1.28687,1.28726,1.54,1.50
2012.06.05 02:23:28.679,1.28687,1.28726,1.54,1.50
2012.06.05 02:23:48.060,1.28687,1.28719,1.50,2.25
2012.06.05 02:23:48.262,1.28677,1.28715,1.50,2.25
2012.06.05 02:23:48.332,1.28677,1.28715,1.50,1.50
2012.06.05 02:23:54.132,1.28687,1.28726,1.50,1.50
2012.06.05 02:23:54.204,1.28694,1.2873,1.50,3.98
2012.06.05 02:23:54.273,1.28694,1.2873,1.50,3.98
2012.06.05 02:23:54.403,1.2869,1.2873,1.50,3.00
2012.06.05 02:23:57.391,1.28686,1.28726,1.50,1.50
2012.06.05 02:23:57.812,1.28685,1.28726,1.50,1.50
2012.06.05 02:23:58.324,1.28685,1.28723,2.25,2.48
2012.06.05 02:23:59.812,1.28685,1.2872,1.50,1.50
2012.06.05 02:24:00.152,1.28686,1.28723,1.50,2.48
2012.06.05 02:24:00.462,1.28686,1.28725,1.50,1.50
2012.06.05 02:24:00.651,1.28689,1.28724,1.50,1.50
2012.06.05 02:24:05.434,1.28694,1.28727,1.50,2.48
2012.06.05 02:24:06.117,1.28689,1.28726,1.50,1.50
2012.06.05 02:24:10.163,1.28689,1.2872,1.50,1.73
2012.06.05 02:24:10.233,1.28686,1.2872,1.50,2.48
2012.06.05 02:24:10.302,1.28686,1.2872,1.50,2.48
2012.06.05 02:24:16.502,1.28688,1.2872,1.50,1.73
2012.06.05 02:24:16.632,1.28688,1.28726,1.50,1.50
2012.06.05 02:24:16.821,1.28689,1.28728,1.50,2.87
2012.06.05 02:24:17.081,1.28687,1.28727,1.50,1.50
2012.06.05 02:24:37.683,1.28689,1.28727,1.50,1.15
2012.06.05 02:24:44.212,1.28688,1.28726,1.50,1.15
2012.06.05 02:24:46.693,1.28689,1.28728,1.50,2.87
2012.06.05 02:24:47.101,1.28688,1.28726,1.50,1.50
2012.06.05 02:24:47.630,1.28688,1.28728,1.50,2.48
2012.06.05 02:24:47.882,1.2869,1.28729,2.25,1.90
2012.06.05 02:24:48.072,1.28687,1.28729,2.25,1.90
2012.06.05 02:24:48.441,1.2869,1.28727,1.50,1.50
2012.06.05 02:24:48.752,1.28691,1.28729,1.50,1.90
2012.06.05 02:24:49.014,1.28687,1.28727,1.50,3.23
2012.06.05 02:24:50.961,1.28686,1.28725,2.25,2.25
2012.06.05 02:24:51.212,1.28693,1.28729,1.50,2.65
2012.06.05 02:24:53.894,1.2869,1.28728,1.50,1.50
2012.06.05 02:24:53.963,1.28688,1.28726,1.50,1.50
2012.06.05 02:24:56.434,1.2869,1.28723,1.50,2.12
2012.06.05 02:24:56.693,1.2869,1.28728,1.50,1.50
2012.06.05 02:25:09.420,1.2869,1.28726,1.50,1.50
2012.06.05 02:25:15.983,1.28694,1.28729,1.50,1.50
2012.06.05 02:25:16.312,1.28697,1.28731,1.50,2.25
2012.06.05 02:25:29.389,1.28697,1.28733,1.50,1.50
2012.06.05 02:25:29.590,1.28697,1.28733,1.50,1.50
2012.06.05 02:25:32.211,1.28701,1.28735,1.50,2.25
2012.06.05 02:25:32.343,1.28696,1.28731,1.50,1.50
2012.06.05 02:25:32.616,1.28691,1.28725,2.25,1.50
2012.06.05 02:25:32.745,1.28689,1.28721,1.50,1.50
2012.06.05 02:25:32.817,1.28683,1.28718,3.00,1.50
2012.06.05 02:25:32.954,1.28687,1.28721,1.50,1.50
2012.06.05 02:25:35.041,1.28687,1.28721,3.00,1.50
2012.06.05 02:25:36.332,1.28689,1.28728,1.50,1.50
2012.06.05 02:25:41.588,1.28688,1.28724,1.50,1.50
2012.06.05 02:25:41.661,1.28688,1.2872,1.50,1.50
2012.06.05 02:25:44.693,1.28688,1.2872,1.50,1.50
2012.06.05 02:25:45.033,1.28692,1.28728,1.50,3.23
2012.06.05 02:25:56.222,1.28692,1.28725,1.50,1.50
2012.06.05 02:25:56.476,1.28693,1.28727,1.50,2.48
2012.06.05 02:26:13.503,1.28688,1.28723,1.54,1.50
2012.06.05 02:26:14.053,1.28686,1.28723,1.50,1.50
2012.06.05 02:26:19.371,1.28686,1.28721,1.50,1.50
2012.06.05 02:26:19.503,1.28685,1.28718,1.50,1.50
2012.06.05 02:26:19.573,1.28682,1.28709,1.50,2.48
2012.06.05 02:26:20.268,1.28678,1.2871,1.50,1.73
2012.06.05 02:26:20.344,1.28682,1.28715,2.25,1.50
2012.06.05 02:26:21.080,1.28682,1.28716,2.25,2.48
2012.06.05 02:26:24.599,1.28682,1.28715,2.25,1.50
2012.06.05 02:26:24.910,1.28684,1.2871,1.50,2.48
2012.06.05 02:26:25.221,1.28682,1.2871,3.00,2.48
2012.06.05 02:26:25.744,1.28679,1.2871,1.50,1.73
2012.06.05 02:26:26.194,1.28682,1.28714,2.25,1.50
2012.06.05 02:26:26.262,1.28682,1.28711,2.25,1.50
2012.06.05 02:26:31.492,1.28677,1.28717,3.75,3.23
2012.06.05 02:26:31.563,1.28678,1.28717,1.50,1.50
2012.06.05 02:26:31.993,1.28678,1.28717,1.50,1.50
2012.06.05 02:26:32.124,1.28678,1.28717,1.50,1.50
2012.06.05 02:26:32.432,1.28677,1.28717,1.50,3.23
2012.06.05 02:26:32.501,1.28677,1.28717,1.50,3.23
2012.06.05 02:26:33.434,1.28677,1.28715,1.50,1.50
2012.06.05 02:26:34.179,1.28673,1.28707,1.54,1.50
2012.06.05 02:26:34.514,1.28676,1.28704,2.29,1.50
2012.06.05 02:26:37.911,1.28672,1.28701,2.29,1.50
2012.06.05 02:26:38.223,1.28672,1.28698,1.50,1.50
2012.06.05 02:26:38.621,1.28677,1.28706,1.50,2.48
2012.06.05 02:26:39.444,1.28677,1.28708,1.50,2.25
2012.06.05 02:26:41.213,1.28677,1.28716,1.50,2.25
2012.06.05 02:26:42.173,1.28676,1.28716,1.50,2.25
2012.06.05 02:26:42.484,1.28685,1.28716,1.73,2.25
2012.06.05 02:26:42.553,1.28685,1.28716,2.48,1.50
2012.06.05 02:26:42.682,1.28685,1.28716,1.73,2.25
2012.06.05 02:26:42.753,1.2868,1.28716,1.50,1.50
2012.06.05 02:26:43.264,1.28687,1.28719,1.50,1.50
2012.06.05 02:26:43.781,1.28677,1.28716,1.50,1.50
2012.06.05 02:26:44.662,1.28676,1.28716,1.50,1.50
2012.06.05 02:26:44.734,1.28676,1.28716,1.50,1.50
2012.06.05 02:26:44.928,1.28676,1.28714,1.50,2.48
2012.06.05 02:26:47.765,1.28679,1.28713,2.25,1.73
2012.06.05 02:26:47.898,1.28679,1.28713,1.50,2.48
2012.06.05 02:26:47.975,1.28681,1.28719,1.50,1.90
2012.06.05 02:26:48.404,1.28687,1.28721,1.50,3.00
2012.06.05 02:26:48.606,1.28684,1.28719,2.48,1.50
2012.06.05 02:26:48.683,1.28684,1.28712,2.48,1.50
2012.06.05 02:26:48.895,1.28681,1.28718,2.48,1.50
2012.06.05 02:26:49.164,1.28681,1.28713,1.73,1.50
2012.06.05 02:26:49.363,1.28675,1.28712,1.50,1.50
2012.06.05 02:26:49.434,1.28679,1.28715,1.50,1.50
2012.06.05 02:26:51.353,1.2868,1.28718,3.23,1.50
2012.06.05 02:26:53.474,1.2868,1.28714,1.73,1.50
2012.06.05 02:26:54.095,1.28676,1.28714,2.25,1.50
2012.06.05 02:26:58.502,1.28676,1.28714,1.50,1.50
2012.06.05 02:27:15.102,1.28676,1.28712,1.50,1.50
2012.06.05 02:27:15.174,1.28673,1.28708,2.48,1.50
2012.06.05 02:27:15.380,1.28671,1.28708,2.25,1.50
2012.06.05 02:27:15.881,1.28679,1.28713,1.50,1.50
2012.06.05 02:27:15.953,1.28679,1.28713,1.50,1.50
2012.06.05 02:27:16.202,1.28677,1.28708,2.48,1.50
2012.06.05 02:27:16.333,1.28679,1.28713,1.50,1.50
2012.06.05 02:27:16.733,1.28679,1.28714,1.50,2.25
2012.06.05 02:27:17.236,1.28677,1.28714,1.50,1.50
2012.06.05 02:27:18.014,1.28677,1.28714,1.50,1.50
2012.06.05 02:27:18.698,1.28677,1.28715,1.50,1.50
2012.06.05 02:27:19.325,1.28676,1.28714,1.50,2.25
2012.06.05 02:27:21.970,1.28677,1.28714,1.50,2.25
2012.06.05 02:27:24.963,1.28671,1.28711,2.51,1.50
2012.06.05 02:27:25.605,1.28672,1.28711,1.50,1.50
2012.06.05 02:27:26.435,1.28677,1.28714,1.50,2.25
2012.06.05 02:27:26.505,1.28677,1.28714,1.50,1.50
2012.06.05 02:27:27.041,1.28677,1.28716,1.50,1.50
2012.06.05 02:27:28.742,1.28671,1.28707,2.48,1.50
2012.06.05 02:27:29.051,1.2867,1.28707,1.50,1.50
2012.06.05 02:27:33.103,1.28677,1.28711,1.50,1.50
2012.06.05 02:27:33.293,1.28677,1.28714,1.50,4.73
2012.06.05 02:27:36.527,1.28679,1.28714,1.50,1.50
2012.06.05 02:27:42.515,1.28677,1.28714,2.25,1.50
2012.06.05 02:27:42.829,1.28677,1.28714,2.25,1.50
2012.06.05 02:27:50.814,1.28682,1.28718,1.50,1.50
2012.06.05 02:27:50.945,1.28681,1.28718,1.50,2.25
2012.06.05 02:28:01.254,1.28687,1.28719,1.50,1.50
2012.06.05 02:28:01.324,1.28694,1.28719,1.50,1.15
2012.06.05 02:28:01.994,1.28698,1.28722,2.48,2.25
2012.06.05 02:28:02.183,1.28698,1.28727,1.73,2.25
2012.06.05 02:28:02.314,1.28694,1.28722,3.23,2.25
2012.06.05 02:28:02.506,1.28687,1.28722,1.50,3.00
2012.06.05 02:28:02.703,1.28685,1.28719,2.48,1.50
2012.06.05 02:28:02.894,1.28679,1.28715,2.25,1.50
2012.06.05 02:28:04.701,1.28679,1.28715,1.50,1.50
2012.06.05 02:28:05.594,1.28676,1.28715,1.50,1.50
2012.06.05 02:28:06.133,1.28676,1.28704,1.50,1.50
2012.06.05 02:28:06.446,1.28677,1.28704,1.50,1.50
2012.06.05 02:28:06.890,1.28676,1.28704,1.50,1.50
2012.06.05 02:28:07.153,1.28671,1.28704,1.88,1.50
2012.06.05 02:28:07.436,1.28671,1.28698,1.88,1.50
2012.06.05 02:28:07.753,1.28671,1.28703,1.16,1.50
2012.06.05 02:28:09.653,1.28672,1.28698,1.50,1.50
2012.06.05 02:28:09.843,1.28672,1.28701,1.50,1.50
2012.06.05 02:28:25.724,1.28666,1.28704,1.88,1.50
2012.06.05 02:28:25.973,1.28666,1.28704,1.88,1.50
2012.06.05 02:28:26.172,1.28666,1.28704,1.88,1.50
2012.06.05 02:28:26.394,1.28666,1.28704,1.88,1.50
2012.06.05 02:28:28.972,1.28666,1.28704,1.88,1.50
2012.06.05 02:28:29.042,1.28666,1.28704,1.13,1.50
2012.06.05 02:28:29.114,1.28667,1.28704,1.13,1.50
2012.06.05 02:28:29.504,1.28663,1.28696,1.16,2.48
2012.06.05 02:28:33.682,1.2867,1.28704,1.50,3.60
2012.06.05 02:28:33.873,1.2867,1.28704,1.50,1.88
2012.06.05 02:28:36.333,1.28672,1.28703,1.50,1.13
2012.06.05 02:28:47.107,1.28663,1.28698,1.91,1.50
2012.06.05 02:28:47.553,1.28663,1.28698,1.88,1.50
2012.06.05 02:28:51.230,1.28663,1.28698,1.91,1.50
2012.06.05 02:28:51.451,1.28663,1.28698,1.91,1.50
2012.06.05 02:28:58.137,1.28663,1.28703,2.66,1.88
2012.06.05 02:28:58.204,1.28669,1.28703,1.50,1.13
2012.06.05 02:28:58.451,1.28669,1.28703,1.50,1.13
2012.06.05 02:28:59.432,1.28667,1.28698,2.48,1.50
2012.06.05 02:28:59.683,1.28663,1.28698,1.91,1.50
2012.06.05 02:29:03.041,1.2867,1.28704,1.50,3.77
2012.06.05 02:29:20.381,1.2867,1.28704,1.50,1.88
2012.06.05 02:29:21.392,1.2867,1.28703,1.50,1.13
2012.06.05 02:29:22.001,1.28667,1.28702,2.48,1.50
2012.06.05 02:29:22.254,1.2867,1.28703,1.50,1.13
2012.06.05 02:29:24.341,1.28673,1.28704,1.50,1.13
2012.06.05 02:29:25.282,1.2868,1.2871,1.50,2.25
2012.06.05 02:29:25.412,1.28683,1.2871,1.50,2.25
2012.06.05 02:29:25.614,1.28673,1.2871,1.50,1.50
2012.06.05 02:29:25.683,1.28673,1.28706,1.50,1.50
2012.06.05 02:29:26.206,1.28679,1.28705,1.50,1.50
2012.06.05 02:29:26.785,1.28679,1.28706,1.50,1.50
2012.06.05 02:29:27.938,1.28679,1.28706,1.50,1.50
2012.06.05 02:29:32.150,1.28678,1.2871,1.50,1.50
2012.06.05 02:29:34.585,1.28673,1.2871,1.50,2.25
2012.06.05 02:29:34.651,1.28673,1.2871,1.50,2.25
2012.06.05 02:29:38.059,1.28673,1.28715,1.50,1.15
2012.06.05 02:29:43.398,1.28676,1.28716,1.50,1.15
2012.06.05 02:29:44.035,1.28676,1.28718,1.50,2.48
2012.06.05 02:29:44.483,1.28676,1.2872,1.50,1.15
2012.06.05 02:29:44.613,1.28676,1.28718,1.50,1.15
2012.06.05 02:29:44.743,1.28676,1.28718,1.50,1.90
2012.06.05 02:29:45.291,1.28676,1.28717,1.50,1.50
2012.06.05 02:29:48.161,1.28672,1.28717,2.25,2.25
2012.06.05 02:29:48.351,1.28676,1.28722,1.50,2.25
2012.06.05 02:29:48.604,1.28681,1.28715,2.48,1.50
2012.06.05 02:29:48.971,1.28681,1.28721,2.48,1.15
2012.06.05 02:29:51.215,1.28681,1.28723,2.48,3.00
2012.06.05 02:29:51.464,1.28676,1.28718,1.50,1.15
2012.06.05 02:29:52.703,1.28676,1.28714,1.50,1.15
2012.06.05 02:29:52.773,1.28678,1.28715,1.50,2.48
2012.06.05 02:29:53.024,1.28676,1.28715,1.50,2.48
2012.06.05 02:29:53.092,1.28678,1.28715,1.50,2.48
2012.06.05 02:29:53.403,1.28675,1.28717,1.54,1.15
2012.06.05 02:29:58.320,1.28672,1.28715,1.54,2.48
2012.06.05 02:30:11.265,1.28668,1.28713,3.04,2.48
2012.06.05 02:30:15.373,1.28676,1.28713,1.50,2.48
2012.06.05 02:30:15.853,1.28678,1.28719,1.50,2.48
2012.06.05 02:30:16.222,1.28678,1.28722,1.50,1.50
2012.06.05 02:30:16.536,1.28678,1.28717,1.50,1.50
2012.06.05 02:30:16.605,1.28678,1.28723,1.50,1.50
2012.06.05 02:30:16.794,1.28691,1.28727,1.73,2.25
2012.06.05 02:30:17.104,1.28678,1.28716,1.50,1.50
2012.06.05 02:30:17.171,1.28671,1.28716,1.54,1.50
2012.06.05 02:30:17.725,1.28678,1.2871,1.50,1.50
2012.06.05 02:30:18.032,1.28678,1.28715,1.50,1.50
2012.06.05 02:30:20.664,1.28678,1.28722,1.50,2.65
2012.06.05 02:30:20.792,1.28678,1.28722,1.50,2.25
2012.06.05 02:30:20.922,1.28679,1.28722,1.50,1.15
2012.06.05 02:30:21.232,1.28687,1.28725,2.25,1.50
2012.06.05 02:30:24.781,1.28688,1.28722,2.48,1.50
2012.06.05 02:30:25.714,1.28688,1.28725,2.48,1.50
2012.06.05 02:30:25.792,1.28688,1.28725,2.48,1.50
2012.06.05 02:30:25.865,1.28688,1.28727,2.48,1.50
2012.06.05 02:30:26.422,1.28692,1.28727,3.23,1.50
2012.06.05 02:30:26.612,1.28692,1.2874,3.26,1.69
2012.06.05 02:30:26.744,1.28693,1.28746,2.51,3.19
2012.06.05 02:30:27.662,1.28692,1.28737,4.01,1.69
2012.06.05 02:30:28.166,1.28692,1.28737,4.01,1.69
2012.06.05 02:30:29.337,1.28692,1.28737,3.98,1.69
2012.06.05 02:30:29.463,1.28692,1.28737,3.23,1.69
2012.06.05 02:30:29.773,1.28689,1.28737,1.54,2.44
2012.06.05 02:30:29.903,1.28689,1.28737,1.54,1.69
2012.06.05 02:30:30.965,1.28695,1.28741,2.48,1.69
2012.06.05 02:30:31.212,1.28695,1.28741,1.73,2.44
2012.06.05 02:30:31.465,1.28696,1.28745,1.50,2.44
2012.06.05 02:30:31.773,1.28699,1.28743,1.73,1.69
2012.06.05 02:30:31.842,1.28699,1.28743,1.73,1.69
2012.06.05 02:30:32.405,1.28694,1.28743,2.48,3.19
2012.06.05 02:30:33.663,1.28694,1.28738,1.73,1.69
2012.06.05 02:30:34.093,1.28694,1.2874,2.48,3.19
2012.06.05 02:30:34.162,1.28698,1.2874,2.48,2.44
2012.06.05 02:30:34.473,1.28698,1.2874,1.73,1.69
2012.06.05 02:30:34.613,1.28695,1.28737,1.54,2.67
2012.06.05 02:30:34.752,1.28692,1.28737,2.29,1.92
2012.06.05 02:30:35.213,1.28696,1.2874,1.50,1.69
2012.06.05 02:30:35.355,1.28693,1.28743,1.54,3.42
2012.06.05 02:30:35.424,1.28698,1.28743,2.25,3.42
2012.06.05 02:30:35.613,1.28703,1.28744,2.48,2.44
2012.06.05 02:30:35.863,1.28712,1.28744,1.50,1.69
2012.06.05 02:30:36.423,1.28707,1.28746,1.50,1.69
2012.06.05 02:30:37.335,1.28708,1.28748,1.50,3.19
2012.06.05 02:30:37.523,1.28702,1.28745,2.29,1.69
2012.06.05 02:30:37.714,1.28708,1.28741,1.50,1.92
2012.06.05 02:30:38.264,1.28715,1.28748,1.73,1.69
2012.06.05 02:30:38.336,1.28708,1.28748,1.50,1.69
2012.06.05 02:30:38.852,1.28708,1.28748,1.54,1.69
2012.06.05 02:30:39.713,1.28712,1.28752,1.50,1.69
2012.06.05 02:30:40.036,1.28712,1.28752,1.50,1.69
2012.06.05 02:30:40.344,1.2872,1.2876,2.48,2.44
2012.06.05 02:30:40.888,1.2872,1.2876,2.48,2.44
2012.06.05 02:30:41.431,1.2872,1.2876,2.48,2.44
2012.06.05 02:30:42.783,1.2872,1.28758,1.73,1.69
2012.06.05 02:30:42.852,1.28716,1.28758,1.50,1.69
2012.06.05 02:30:43.577,1.28713,1.28758,1.50,1.69
2012.06.05 02:30:44.075,1.28717,1.28758,1.50,1.69
2012.06.05 02:30:44.383,1.28729,1.28762,2.48,3.19
2012.06.05 02:30:44.513,1.28721,1.28759,3.23,1.69
2012.06.05 02:30:44.708,1.28721,1.28759,3.23,1.50
2012.06.05 02:30:44.786,1.28721,1.28759,2.48,1.50
2012.06.05 02:30:45.203,1.28721,1.28757,3.23,2.25
2012.06.05 02:30:45.275,1.28721,1.28757,3.23,2.25
2012.06.05 02:30:47.792,1.28714,1.28763,1.50,1.50
2012.06.05 02:30:47.922,1.28711,1.28758,1.50,1.50
2012.06.05 02:30:51.109,1.28713,1.28758,1.50,1.50
2012.06.05 02:30:52.421,1.28713,1.28759,1.50,1.50
2012.06.05 02:30:52.772,1.28713,1.28763,1.50,1.50
2012.06.05 02:30:54.123,1.28721,1.28755,1.73,1.50
2012.06.05 02:30:54.312,1.28711,1.28755,1.54,1.50
2012.06.05 02:30:54.385,1.28714,1.28753,1.50,1.50
2012.06.05 02:30:54.694,1.28712,1.28757,1.50,1.50
2012.06.05 02:30:55.005,1.28719,1.28757,1.50,1.50
2012.06.05 02:30:55.901,1.28715,1.28757,2.25,1.50
2012.06.05 02:30:56.421,1.28715,1.28757,3.75,1.50
2012.06.05 02:30:56.551,1.28715,1.28763,3.79,1.50
2012.06.05 02:31:02.064,1.2872,1.28767,2.48,3.38
2012.06.05 02:31:02.253,1.2872,1.28766,3.23,1.50
2012.06.05 02:31:02.564,1.2872,1.28767,2.48,2.63
2012.06.05 02:31:03.881,1.28721,1.28767,1.50,2.63
2012.06.05 02:31:04.016,1.28721,1.28766,1.50,1.50
2012.06.05 02:31:06.785,1.28721,1.28767,1.50,2.63
2012.06.05 02:31:13.045,1.28729,1.28767,1.50,1.50
2012.06.05 02:31:13.174,1.28734,1.28768,1.73,2.25
2012.06.05 02:31:13.244,1.28729,1.28768,3.23,2.25
2012.06.05 02:31:13.373,1.28729,1.28767,3.23,1.50
2012.06.05 02:31:14.152,1.28732,1.28768,1.50,1.50
2012.06.05 02:31:14.463,1.28742,1.28767,1.73,1.50
2012.06.05 02:31:14.536,1.28733,1.28767,3.23,1.50
2012.06.05 02:31:15.103,1.28733,1.28764,1.50,1.50
2012.06.05 02:31:17.423,1.2873,1.28768,2.48,3.00
2012.06.05 02:31:34.151,1.2873,1.28761,1.73,1.50
2012.06.05 02:31:34.226,1.28727,1.28761,2.25,1.50
2012.06.05 02:31:34.294,1.28727,1.28761,2.25,1.50
2012.06.05 02:31:37.483,1.28728,1.28754,1.50,1.50
2012.06.05 02:31:38.043,1.28728,1.28763,1.50,1.50
2012.06.05 02:31:38.592,1.28727,1.28767,1.50,1.50
2012.06.05 02:31:39.242,1.28727,1.28766,1.50,1.50
2012.06.05 02:31:49.914,1.28722,1.28764,2.29,1.88
2012.06.05 02:31:56.344,1.28725,1.28766,1.50,1.50
2012.06.05 02:31:56.662,1.28731,1.28767,1.50,2.63
2012.06.05 02:31:56.734,1.28731,1.28767,1.50,2.63
2012.06.05 02:31:56.924,1.28731,1.28767,1.50,1.88
2012.06.05 02:31:57.293,1.28731,1.28767,1.50,1.88
2012.06.05 02:31:57.613,1.28734,1.28766,2.48,1.50
2012.06.05 02:31:57.935,1.28738,1.28767,1.50,2.63
2012.06.05 02:32:06.401,1.28738,1.28768,1.50,1.50
2012.06.05 02:32:11.215,1.28732,1.28773,2.25,1.50
2012.06.05 02:32:13.653,1.28732,1.28773,1.50,2.25
2012.06.05 02:32:13.885,1.28731,1.28773,1.50,2.25
2012.06.05 02:32:22.892,1.28732,1.28773,1.50,1.50
2012.06.05 02:32:23.403,1.28733,1.28772,1.50,1.50
2012.06.05 02:32:25.444,1.28729,1.28766,2.48,1.50
2012.06.05 02:32:25.692,1.28728,1.28766,1.54,2.25
2012.06.05 02:32:26.002,1.28734,1.28766,1.50,2.25
2012.06.05 02:32:26.322,1.28729,1.28766,1.50,2.25
2012.06.05 02:32:26.514,1.28734,1.28766,1.50,2.25
2012.06.05 02:32:28.242,1.28729,1.28766,1.50,2.25
2012.06.05 02:32:30.361,1.28729,1.28766,1.50,2.25
2012.06.05 02:32:31.694,1.28729,1.28766,1.50,2.25
2012.06.05 02:32:31.932,1.28725,1.28766,3.00,2.25
2012.06.05 02:32:33.083,1.28725,1.2876,2.25,1.50
2012.06.05 02:32:33.343,1.28728,1.28758,1.50,1.50
2012.06.05 02:32:33.533,1.28725,1.2876,2.25,1.50
2012.06.05 02:32:33.661,1.28732,1.2876,1.50,1.50
2012.06.05 02:32:34.091,1.28727,1.2876,1.50,1.50
2012.06.05 02:32:34.251,1.28724,1.2876,2.25,1.50
2012.06.05 02:32:34.801,1.28725,1.28766,2.25,1.50
2012.06.05 02:32:36.864,1.28725,1.28766,2.25,1.50
2012.06.05 02:32:43.516,1.28726,1.28759,1.50,1.50
2012.06.05 02:32:44.062,1.28723,1.28759,2.29,1.50
2012.06.05 02:32:50.245,1.28721,1.28758,1.16,1.50
2012.06.05 02:33:10.674,1.28721,1.28757,1.13,1.50
2012.06.05 02:33:15.152,1.28718,1.28753,1.50,1.50
2012.06.05 02:33:15.486,1.28718,1.28747,2.25,1.50
2012.06.05 02:33:15.682,1.28714,1.28747,3.00,1.50
2012.06.05 02:33:20.341,1.28716,1.28747,1.50,1.50
2012.06.05 02:33:20.592,1.28716,1.28747,1.50,1.50
2012.06.05 02:33:21.142,1.28719,1.28753,1.50,1.50
2012.06.05 02:33:21.601,1.2872,1.28748,2.25,1.50
2012.06.05 02:33:21.744,1.28719,1.28753,1.50,1.50
2012.06.05 02:33:22.064,1.28719,1.28748,2.25,1.50
2012.06.05 02:33:22.132,1.28719,1.28753,3.00,1.50
2012.06.05 02:33:22.384,1.28717,1.28748,2.48,1.50
2012.06.05 02:33:22.704,1.28718,1.28754,1.50,1.50
2012.06.05 02:33:22.892,1.28716,1.28748,2.48,1.50
2012.06.05 02:33:23.144,1.28719,1.28753,1.50,1.50
2012.06.05 02:33:23.216,1.28719,1.28757,1.50,3.23
2012.06.05 02:33:24.503,1.28715,1.2875,2.66,1.50
2012.06.05 02:33:24.816,1.28718,1.28754,1.50,1.50
2012.06.05 02:33:25.104,1.28725,1.2876,1.50,2.25
2012.06.05 02:33:25.444,1.28737,1.28767,1.50,1.15
2012.06.05 02:33:27.352,1.28732,1.28773,1.50,1.50
2012.06.05 02:33:28.483,1.28733,1.28773,1.50,1.50
2012.06.05 02:33:30.482,1.28732,1.28773,2.25,1.50
2012.06.05 02:33:46.203,1.28733,1.28773,1.50,1.50
2012.06.05 02:33:46.392,1.28733,1.28763,1.50,1.50
2012.06.05 02:33:50.923,1.28732,1.28767,2.25,1.50
2012.06.05 02:33:51.053,1.28735,1.28767,1.50,2.25
2012.06.05 02:33:51.376,1.28735,1.28767,2.25,1.50
2012.06.05 02:33:51.622,1.28727,1.28767,3.98,1.50
2012.06.05 02:33:53.122,1.28732,1.28773,1.50,1.50
2012.06.05 02:33:53.312,1.28732,1.28773,1.50,1.50
2012.06.05 02:33:54.457,1.28733,1.28773,1.50,1.50
2012.06.05 02:33:58.903,1.28732,1.28773,2.25,1.50
2012.06.05 02:34:02.463,1.28732,1.28768,1.50,1.50
2012.06.05 02:34:03.012,1.28731,1.28768,2.25,1.50
2012.06.05 02:34:19.622,1.28728,1.28763,1.73,1.50
2012.06.05 02:34:19.694,1.28732,1.28763,1.50,1.50
2012.06.05 02:34:19.761,1.28727,1.28763,3.00,1.50
2012.06.05 02:34:19.894,1.28727,1.28765,3.00,1.50
2012.06.05 02:34:38.362,1.2873,1.28767,1.50,2.25
2012.06.05 02:34:38.434,1.28727,1.28767,3.23,1.50
2012.06.05 02:34:42.813,1.28731,1.28766,1.50,1.50
2012.06.05 02:34:43.319,1.28727,1.28767,4.73,1.50
2012.06.05 02:34:57.012,1.28732,1.28773,1.50,1.50
2012.06.05 02:34:57.144,1.28742,1.28773,2.48,1.50
2012.06.05 02:34:57.683,1.28742,1.28774,2.48,1.50
2012.06.05 02:34:57.753,1.28742,1.28772,1.73,1.50
2012.06.05 02:34:57.884,1.28742,1.28769,2.48,1.15
2012.06.05 02:34:59.685,1.28742,1.28773,1.73,1.50
2012.06.05 02:34:59.755,1.28742,1.28773,1.73,1.50
2012.06.05 02:34:59.826,1.28736,1.28773,2.48,1.50
2012.06.05 02:35:19.840,1.28736,1.28777,2.48,1.50
2012.06.05 02:35:20.535,1.2875,1.28779,1.73,1.50
2012.06.05 02:35:20.664,1.28745,1.28779,1.50,1.50
2012.06.05 02:35:20.804,1.28745,1.28779,1.50,1.50
2012.06.05 02:35:20.873,1.28747,1.28784,1.50,1.13
2012.06.05 02:35:21.004,1.28747,1.28784,1.50,1.13
2012.06.05 02:35:25.723,1.2875,1.28785,2.48,1.13
2012.06.05 02:35:25.852,1.2875,1.28784,2.48,1.52
2012.06.05 02:35:26.395,1.2875,1.2878,1.73,1.50
2012.06.05 02:35:26.463,1.28745,1.2878,1.50,1.50
2012.06.05 02:35:29.163,1.28741,1.2878,3.23,1.90
2012.06.05 02:35:30.462,1.2875,1.28781,2.48,1.15
2012.06.05 02:35:30.913,1.28751,1.28783,3.00,1.52
2012.06.05 02:35:31.424,1.28754,1.28791,1.50,2.25
2012.06.05 02:35:31.565,1.28757,1.28785,1.50,2.25
2012.06.05 02:35:31.814,1.28757,1.28788,1.50,1.50
2012.06.05 02:35:32.664,1.28754,1.28788,3.23,1.50
2012.06.05 02:35:36.332,1.28754,1.28791,3.23,1.15
2012.06.05 02:35:45.982,1.28754,1.28793,3.23,2.25
2012.06.05 02:35:58.807,1.28757,1.2879,1.50,1.15
2012.06.05 02:35:59.145,1.28762,1.28791,2.48,1.15
2012.06.05 02:35:59.695,1.28762,1.28791,1.73,1.50
2012.06.05 02:35:59.884,1.28755,1.28791,1.50,1.50
2012.06.05 02:35:59.955,1.2876,1.28796,1.50,2.25
2012.06.05 02:36:01.283,1.28763,1.28794,2.48,1.15
2012.06.05 02:36:05.425,1.28763,1.28798,2.48,1.15
2012.06.05 02:36:53.214,1.2876,1.28793,2.48,1.50
2012.06.05 02:36:53.343,1.28758,1.2879,1.50,1.50
2012.06.05 02:36:53.486,1.28754,1.28792,1.50,1.50
2012.06.05 02:36:53.558,1.28759,1.28793,2.48,1.50
2012.06.05 02:36:53.874,1.28759,1.28793,2.48,1.50
2012.06.05 02:37:08.724,1.28761,1.28799,1.50,1.50
2012.06.05 02:37:08.913,1.28759,1.28792,2.48,1.50
2012.06.05 02:37:09.663,1.28752,1.28788,3.00,1.50
2012.06.05 02:37:13.131,1.2875,1.28788,1.50,1.50
2012.06.05 02:37:13.322,1.28751,1.28789,1.50,3.23
2012.06.05 02:37:15.174,1.2875,1.28788,1.50,1.50
2012.06.05 02:37:15.787,1.28744,1.28784,1.16,1.50
2012.06.05 02:37:19.996,1.2875,1.28788,1.50,1.50
2012.06.05 02:37:20.540,1.28754,1.28791,1.50,2.25
2012.06.05 02:37:25.064,1.28754,1.28792,1.50,1.15
2012.06.05 02:37:27.983,1.28755,1.2879,1.50,1.15
2012.06.05 02:37:28.172,1.28755,1.2879,2.48,1.15
2012.06.05 02:37:28.675,1.28755,1.28791,1.50,1.15
2012.06.05 02:37:31.066,1.28752,1.2879,2.25,1.15
2012.06.05 02:37:36.895,1.28755,1.2879,1.50,1.15
2012.06.05 02:37:38.475,1.28751,1.2879,1.50,1.15
2012.06.05 02:37:41.453,1.28748,1.28787,1.50,1.50
2012.06.05 02:37:41.524,1.28747,1.28787,1.50,1.50
2012.06.05 02:37:42.609,1.28746,1.28786,1.50,1.50
2012.06.05 02:37:42.923,1.2875,1.28786,1.50,1.50
2012.06.05 02:37:43.113,1.28745,1.28786,1.54,1.50
2012.06.05 02:38:17.733,1.28746,1.28788,1.50,1.50
2012.06.05 02:38:25.071,1.28744,1.2879,1.50,1.50
2012.06.05 02:38:44.014,1.28742,1.28787,1.16,1.50
2012.06.05 02:38:44.275,1.28742,1.28787,1.16,1.50
2012.06.05 02:38:44.476,1.28742,1.28787,1.16,1.50
2012.06.05 02:38:44.837,1.28742,1.28787,1.16,1.50
2012.06.05 02:38:47.840,1.28735,1.28771,2.29,2.25
2012.06.05 02:38:48.342,1.28741,1.28766,1.16,1.50
2012.06.05 02:38:49.164,1.28738,1.28761,2.29,1.50
2012.06.05 02:38:49.473,1.28737,1.28764,1.54,2.25
2012.06.05 02:38:50.482,1.28737,1.28764,1.54,2.25
2012.06.05 02:38:50.552,1.28737,1.28764,1.16,2.25
2012.06.05 02:38:52.121,1.28737,1.28764,1.16,2.25
2012.06.05 02:38:52.193,1.28737,1.28768,1.16,1.50
2012.06.05 02:38:52.266,1.28732,1.28772,1.54,1.50
2012.06.05 02:38:53.009,1.28732,1.28772,1.54,1.50
2012.06.05 02:38:53.743,1.28736,1.28778,1.16,2.25
2012.06.05 02:39:15.626,1.28739,1.28775,1.16,1.50
2012.06.05 02:39:19.695,1.28737,1.2877,1.16,1.50
2012.06.05 02:39:20.243,1.28737,1.2877,1.16,1.50
2012.06.05 02:39:27.501,1.28732,1.2877,1.54,1.50
2012.06.05 02:39:27.695,1.28736,1.28778,1.16,1.50
2012.06.05 02:39:27.823,1.28738,1.28777,1.13,1.15
2012.06.05 02:39:30.653,1.28737,1.28774,1.91,1.50
2012.06.05 02:39:31.154,1.28729,1.2877,1.54,1.50
2012.06.05 02:39:31.743,1.28734,1.2877,1.16,1.50
2012.06.05 02:39:32.066,1.28737,1.28772,1.16,1.50
2012.06.05 02:39:43.623,1.28737,1.28772,1.16,1.50
2012.06.05 02:39:48.034,1.28737,1.28772,1.16,1.50
2012.06.05 02:39:48.283,1.28736,1.28772,1.16,1.50
2012.06.05 02:39:49.354,1.28736,1.2877,1.16,2.48
2012.06.05 02:39:49.799,1.28737,1.28773,1.16,1.50
2012.06.05 02:39:57.163,1.28741,1.28782,1.50,2.48
2012.06.05 02:39:57.298,1.28745,1.28779,1.50,2.25
2012.06.05 02:40:00.886,1.28745,1.28779,1.50,1.50
2012.06.05 02:40:03.138,1.28745,1.2878,1.50,2.25
2012.06.05 02:40:05.634,1.28745,1.28779,1.50,1.50
2012.06.05 02:40:05.941,1.28738,1.28776,1.16,1.50
2012.06.05 02:40:16.553,1.28742,1.28779,1.50,1.50
2012.06.05 02:40:16.867,1.28747,1.28774,1.73,2.25
2012.06.05 02:40:16.936,1.28747,1.28779,2.48,2.25
2012.06.05 02:40:17.467,1.28741,1.28778,2.25,1.50
2012.06.05 02:40:17.727,1.28741,1.28774,1.50,1.50
2012.06.05 02:40:17.997,1.28738,1.28772,1.13,1.50
2012.06.05 02:40:18.536,1.2874,1.28773,1.50,1.90
2012.06.05 02:40:18.896,1.28738,1.28772,1.13,3.00
2012.06.05 02:40:31.163,1.28737,1.28769,1.13,1.50
2012.06.05 02:40:31.297,1.28737,1.28769,1.13,1.50
2012.06.05 02:40:31.370,1.28737,1.2877,1.16,1.50
2012.06.05 02:40:31.504,1.28736,1.2877,1.16,1.50
2012.06.05 02:40:58.383,1.28736,1.2877,1.16,1.50
2012.06.05 02:40:58.694,1.28736,1.28762,1.16,1.50
2012.06.05 02:40:59.005,1.28731,1.28762,1.54,1.50
2012.06.05 02:40:59.074,1.28724,1.28762,1.54,1.50
2012.06.05 02:40:59.395,1.28723,1.28761,1.54,1.50
2012.06.05 02:41:00.903,1.28724,1.28762,1.54,1.50
2012.06.05 02:41:01.125,1.28722,1.28762,1.54,2.25
2012.06.05 02:41:01.714,1.28722,1.28762,1.54,2.25
2012.06.05 02:41:03.427,1.28724,1.28762,1.54,1.50
2012.06.05 02:41:03.496,1.28728,1.28765,1.50,3.23
2012.06.05 02:41:03.624,1.28723,1.28762,2.51,1.50
2012.06.05 02:41:04.666,1.28719,1.28753,1.54,2.25
2012.06.05 02:41:04.914,1.2872,1.28744,1.50,2.48
2012.06.05 02:41:04.987,1.28716,1.28744,2.25,2.48
2012.06.05 02:41:05.174,1.28716,1.28752,1.50,1.50
2012.06.05 02:41:05.304,1.28711,1.28743,1.50,1.50
2012.06.05 02:41:05.376,1.28713,1.2874,1.50,1.73
2012.06.05 02:41:05.505,1.28703,1.28743,2.85,1.50
2012.06.05 02:41:05.638,1.28708,1.28742,1.50,1.50
2012.06.05 02:41:05.951,1.28708,1.28735,1.50,1.50
2012.06.05 02:41:06.263,1.28711,1.28735,1.50,1.50
2012.06.05 02:41:06.394,1.28698,1.28735,4.16,1.50
2012.06.05 02:41:07.188,1.28703,1.28741,1.50,1.15
2012.06.05 02:41:07.578,1.2871,1.28742,1.50,1.50
2012.06.05 02:41:08.179,1.28704,1.28741,2.29,2.48
2012.06.05 02:41:08.246,1.28704,1.28738,1.54,1.50
2012.06.05 02:41:08.315,1.28704,1.28738,1.50,1.50
2012.06.05 02:41:08.385,1.28709,1.28741,1.50,2.48
2012.06.05 02:41:08.516,1.28703,1.28741,1.50,2.48
2012.06.05 02:41:08.707,1.28709,1.28742,1.50,1.50
2012.06.05 02:41:09.014,1.28709,1.28738,1.50,1.50
2012.06.05 02:41:11.465,1.2871,1.28748,1.50,1.50
2012.06.05 02:41:11.654,1.2871,1.28748,1.50,1.50
2012.06.05 02:41:11.854,1.28712,1.28748,1.50,1.50
2012.06.05 02:41:12.254,1.2871,1.28748,1.50,1.50
2012.06.05 02:41:13.735,1.28709,1.28745,1.73,2.25
2012.06.05 02:41:13.865,1.28705,1.28745,3.00,2.25
2012.06.05 02:41:14.065,1.28707,1.28741,1.50,1.50
2012.06.05 02:41:22.687,1.28701,1.28737,2.25,1.50
2012.06.05 02:41:23.170,1.28702,1.28737,2.25,1.50
2012.06.05 02:41:25.837,1.28702,1.28736,2.25,1.50
2012.06.05 02:41:25.966,1.28702,1.28736,1.50,1.50
2012.06.05 02:41:26.107,1.28702,1.28731,1.50,1.50
2012.06.05 02:41:29.227,1.28701,1.28731,1.54,1.50
2012.06.05 02:41:29.356,1.28701,1.28728,1.50,2.48
2012.06.05 02:41:29.426,1.28699,1.28728,2.25,2.48
2012.06.05 02:41:29.624,1.28699,1.28729,2.25,1.50
2012.06.05 02:41:30.158,1.28701,1.28729,1.50,1.50
2012.06.05 02:41:30.486,1.28699,1.28723,2.29,1.50
2012.06.05 02:41:30.685,1.28699,1.28728,2.29,2.48
2012.06.05 02:41:31.226,1.28701,1.2873,2.25,1.50
2012.06.05 02:41:31.356,1.28696,1.28723,3.04,1.50
2012.06.05 02:41:32.078,1.28696,1.28731,3.00,1.50
2012.06.05 02:41:32.146,1.28696,1.28731,3.00,1.50
2012.06.05 02:41:36.216,1.28696,1.28728,2.29,2.48
2012.06.05 02:41:36.780,1.28697,1.28732,1.50,1.50
2012.06.05 02:41:37.558,1.28694,1.28732,1.54,1.50
2012.06.05 02:41:39.162,1.28694,1.28732,1.54,1.50
2012.06.05 02:41:44.098,1.28701,1.2874,1.50,2.25
2012.06.05 02:41:44.741,1.28698,1.2874,1.50,2.25
2012.06.05 02:41:45.030,1.28702,1.28737,1.50,2.48
2012.06.05 02:41:45.248,1.28702,1.28736,1.50,1.50
2012.06.05 02:41:45.565,1.28697,1.28732,1.54,1.50
2012.06.05 02:42:13.284,1.28699,1.28737,1.50,2.65
2012.06.05 02:42:13.474,1.28698,1.28737,1.50,2.65
2012.06.05 02:42:13.725,1.28699,1.28736,1.50,2.48
2012.06.05 02:42:13.916,1.28698,1.28737,1.50,1.15
2012.06.05 02:42:14.104,1.28699,1.28737,1.50,2.48
2012.06.05 02:42:14.354,1.28698,1.28736,1.50,2.65
2012.06.05 02:42:15.007,1.28694,1.28732,1.54,3.00
2012.06.05 02:42:17.025,1.28694,1.28732,1.54,1.50
2012.06.05 02:42:20.193,1.28694,1.28728,1.54,1.50
2012.06.05 02:42:20.324,1.28689,1.28725,2.29,1.50
2012.06.05 02:42:21.646,1.28686,1.28725,1.54,1.50
2012.06.05 02:42:22.325,1.28686,1.28725,1.54,1.50
2012.06.05 02:42:23.066,1.28691,1.28729,1.54,2.48
2012.06.05 02:42:23.256,1.28693,1.28731,1.54,1.50
2012.06.05 02:42:23.831,1.28693,1.28731,1.54,1.50
2012.06.05 02:42:23.967,1.28691,1.28731,1.54,1.50
2012.06.05 02:42:24.624,1.28691,1.28729,1.54,2.48
2012.06.05 02:42:25.205,1.28691,1.28729,1.54,2.48
2012.06.05 02:42:28.053,1.28686,1.28722,1.54,1.50
2012.06.05 02:42:28.643,1.28686,1.28722,1.54,1.50
2012.06.05 02:42:30.754,1.28686,1.28722,1.54,1.50
2012.06.05 02:42:32.406,1.28686,1.28722,1.54,1.50
2012.06.05 02:42:33.101,1.28686,1.28722,1.54,1.50
2012.06.05 02:42:38.004,1.28686,1.28722,1.54,1.50
2012.06.05 02:42:40.516,1.28684,1.28714,1.16,1.50
2012.06.05 02:42:41.200,1.28685,1.2872,1.50,2.48
2012.06.05 02:42:41.704,1.28678,1.28714,1.54,1.50
2012.06.05 02:42:42.194,1.28685,1.28719,1.50,1.73
2012.06.05 02:42:42.325,1.28685,1.28721,1.50,1.50
2012.06.05 02:42:42.396,1.28682,1.28721,2.51,1.50
2012.06.05 02:42:42.645,1.28685,1.2872,1.50,1.73
2012.06.05 02:42:42.894,1.28685,1.28721,1.50,1.50
2012.06.05 02:42:42.965,1.28681,1.28714,2.48,1.50
2012.06.05 02:42:43.636,1.28685,1.28719,1.50,2.48
2012.06.05 02:42:44.194,1.28685,1.2872,1.50,1.73
2012.06.05 02:42:44.384,1.28682,1.28721,2.48,1.50
2012.06.05 02:42:44.695,1.28687,1.28719,1.50,1.73
2012.06.05 02:42:44.764,1.28687,1.28721,1.50,1.50
2012.06.05 02:42:44.957,1.28681,1.28721,3.23,1.50
2012.06.05 02:42:45.274,1.28687,1.2872,1.50,1.73
2012.06.05 02:42:45.403,1.28682,1.28721,2.48,1.50
2012.06.05 02:42:46.685,1.2868,1.28719,1.50,2.48
2012.06.05 02:42:46.815,1.28686,1.28719,1.50,1.73
2012.06.05 02:42:46.883,1.28686,1.28722,1.50,1.50
2012.06.05 02:42:48.026,1.28686,1.28722,1.50,1.50
2012.06.05 02:42:48.257,1.28694,1.28728,1.50,3.23
2012.06.05 02:42:48.385,1.28694,1.28726,1.50,1.50
2012.06.05 02:42:48.697,1.28687,1.28727,1.50,1.50
2012.06.05 02:42:49.855,1.28687,1.28727,1.50,1.50
2012.06.05 02:42:49.995,1.28692,1.28728,1.50,2.48
2012.06.05 02:42:50.485,1.28692,1.28729,1.50,1.13
2012.06.05 02:42:50.558,1.28691,1.28728,1.50,2.25
2012.06.05 02:42:50.686,1.28692,1.28728,1.50,2.25
2012.06.05 02:42:51.027,1.28683,1.28718,2.48,1.50
2012.06.05 02:42:51.162,1.28672,1.28714,1.54,1.50
2012.06.05 02:42:51.535,1.28672,1.28714,1.50,1.90
2012.06.05 02:42:51.665,1.28677,1.28714,1.50,1.15
2012.06.05 02:42:52.214,1.28677,1.28715,1.50,1.50
2012.06.05 02:42:52.761,1.28674,1.28712,1.50,1.50
2012.06.05 02:42:53.087,1.28672,1.28712,2.25,1.50
2012.06.05 02:42:53.415,1.28672,1.28714,2.25,1.50
2012.06.05 02:42:53.547,1.28677,1.28715,1.50,3.98
2012.06.05 02:42:53.934,1.28676,1.28714,1.50,1.50
2012.06.05 02:42:56.253,1.28672,1.28712,3.00,1.50
2012.06.05 02:43:00.719,1.28672,1.2871,2.25,1.50
2012.06.05 02:43:00.787,1.28672,1.2871,1.50,1.50
2012.06.05 02:43:00.857,1.28672,1.28713,1.50,1.15
2012.06.05 02:43:01.325,1.28676,1.28714,1.50,4.37
2012.06.05 02:43:01.972,1.28676,1.28713,1.50,1.15
2012.06.05 02:43:02.310,1.28676,1.28714,1.50,4.37
2012.06.05 02:43:04.573,1.28677,1.28714,1.50,3.62
2012.06.05 02:43:10.790,1.28681,1.28712,1.50,1.50
2012.06.05 02:43:11.062,1.28675,1.28707,1.50,1.50
2012.06.05 02:43:14.516,1.28671,1.28707,1.50,1.50
2012.06.05 02:43:14.715,1.28675,1.28712,1.50,1.15
2012.06.05 02:43:14.787,1.28677,1.28712,1.50,1.15
2012.06.05 02:43:14.974,1.28674,1.28712,1.50,1.15
2012.06.05 02:43:15.187,1.28675,1.28712,1.50,1.15
2012.06.05 02:43:15.255,1.28675,1.28712,1.50,1.15
2012.06.05 02:43:15.808,1.28675,1.28711,1.50,1.50
2012.06.05 02:43:18.306,1.28673,1.2871,1.50,1.15
2012.06.05 02:43:18.376,1.28673,1.28711,1.50,1.90
2012.06.05 02:43:18.446,1.28672,1.28711,1.50,2.65
2012.06.05 02:43:19.125,1.28672,1.28711,1.50,2.25
2012.06.05 02:43:21.194,1.28671,1.28711,1.50,3.00
2012.06.05 02:43:21.516,1.28667,1.28707,1.50,1.50
2012.06.05 02:43:30.264,1.28672,1.28707,1.50,1.50
2012.06.05 02:43:34.216,1.28673,1.28713,2.25,4.15
2012.06.05 02:43:34.284,1.28673,1.28707,2.25,1.50
2012.06.05 02:43:34.604,1.28673,1.28713,1.50,3.00
2012.06.05 02:43:48.837,1.28671,1.28711,1.50,1.50
2012.06.05 02:43:52.393,1.28666,1.28706,2.29,1.50
2012.06.05 02:43:52.645,1.28666,1.28706,2.29,1.50
2012.06.05 02:43:53.373,1.28666,1.28707,1.50,1.50
2012.06.05 02:44:02.406,1.28665,1.28707,1.50,1.50
2012.06.05 02:44:08.082,1.28674,1.28708,1.50,2.25
2012.06.05 02:44:08.154,1.28674,1.28708,2.25,1.50
2012.06.05 02:44:08.900,1.28674,1.2871,1.50,2.25
2012.06.05 02:44:22.635,1.28674,1.28712,1.50,1.50
2012.06.05 02:44:23.023,1.28674,1.28714,1.50,1.50
2012.06.05 02:44:23.345,1.28685,1.28712,2.48,1.50
2012.06.05 02:44:27.008,1.28685,1.28714,2.48,1.50
2012.06.05 02:44:27.255,1.28694,1.28716,2.48,2.25
2012.06.05 02:44:27.328,1.28694,1.28716,2.48,1.50
2012.06.05 02:44:27.456,1.28694,1.28721,2.48,2.25
2012.06.05 02:44:27.598,1.28682,1.2872,1.50,1.50
2012.06.05 02:44:27.727,1.28678,1.28719,1.54,1.50
2012.06.05 02:44:30.667,1.28678,1.28719,1.50,1.50
2012.06.05 02:44:40.175,1.28678,1.28717,1.50,1.15
2012.06.05 02:44:45.025,1.28672,1.28713,3.23,2.25
2012.06.05 02:44:47.867,1.28673,1.2871,1.50,2.25
2012.06.05 02:44:48.227,1.28668,1.287,4.01,1.50
2012.06.05 02:44:48.306,1.28671,1.28706,2.29,1.50
2012.06.05 02:44:48.647,1.28671,1.28706,2.29,1.50
2012.06.05 02:44:49.353,1.28675,1.28714,1.50,1.90
2012.06.05 02:44:49.424,1.28675,1.28711,1.50,1.50
2012.06.05 02:45:12.175,1.28673,1.28711,3.23,1.50
2012.06.05 02:45:12.246,1.28673,1.28708,2.48,1.50
2012.06.05 02:45:12.510,1.28673,1.28711,1.50,1.50
2012.06.05 02:45:12.897,1.28673,1.28711,3.23,1.50
2012.06.05 02:45:14.011,1.28676,1.28712,2.48,1.50
2012.06.05 02:45:14.151,1.28678,1.28717,1.50,1.65
2012.06.05 02:45:14.508,1.28682,1.28721,1.50,1.45
2012.06.05 02:45:14.713,1.28685,1.28721,2.48,1.15
2012.06.05 02:45:14.786,1.28685,1.28722,2.48,2.25
2012.06.05 02:45:14.856,1.28685,1.28722,2.48,1.50
2012.06.05 02:45:16.894,1.28694,1.28726,2.48,1.50
2012.06.05 02:45:17.040,1.28694,1.28726,1.73,2.25
2012.06.05 02:45:17.117,1.28689,1.28726,2.25,2.25
2012.06.05 02:45:18.426,1.28689,1.28723,1.50,1.50
2012.06.05 02:45:20.265,1.28686,1.28728,1.50,1.50
2012.06.05 02:45:20.455,1.28686,1.28727,1.50,1.50
2012.06.05 02:45:20.847,1.28686,1.28723,1.50,1.50
2012.06.05 02:45:20.916,1.28687,1.28727,1.50,3.23
2012.06.05 02:45:24.745,1.28684,1.28718,1.50,2.48
2012.06.05 02:45:24.997,1.28684,1.28723,1.50,1.50
2012.06.05 02:45:25.257,1.28684,1.28724,3.00,1.90
2012.06.05 02:45:25.688,1.28687,1.28724,1.50,1.50
2012.06.05 02:45:28.686,1.28687,1.28721,1.50,1.50
2012.06.05 02:45:29.030,1.28686,1.28718,2.25,1.50
2012.06.05 02:45:31.198,1.2869,1.28724,2.48,1.50
2012.06.05 02:45:31.268,1.28691,1.28727,1.50,1.05
2012.06.05 02:45:31.797,1.2869,1.28724,2.48,1.50
2012.06.05 02:45:32.046,1.28685,1.28724,1.50,1.50
2012.06.05 02:45:33.748,1.28684,1.28723,1.50,1.50
2012.06.05 02:45:34.005,1.2868,1.28718,3.26,1.50
2012.06.05 02:45:34.348,1.28687,1.28723,2.48,1.90
2012.06.05 02:45:34.420,1.28687,1.28723,2.48,1.90
2012.06.05 02:45:34.500,1.28684,1.28721,2.48,1.50
2012.06.05 02:45:35.009,1.28684,1.28721,2.48,1.50
2012.06.05 02:45:36.134,1.28684,1.28721,2.48,1.50
2012.06.05 02:45:49.898,1.28684,1.28712,1.73,1.50
2012.06.05 02:45:50.098,1.28681,1.28712,1.50,1.50
2012.06.05 02:45:50.484,1.28685,1.28712,1.50,1.50
2012.06.05 02:45:51.663,1.28682,1.28712,1.50,1.50
2012.06.05 02:45:54.184,1.28682,1.28717,2.25,2.78
2012.06.05 02:45:54.329,1.28688,1.28722,3.23,1.45
2012.06.05 02:45:54.469,1.28689,1.28727,1.50,1.50
2012.06.05 02:45:54.975,1.28691,1.28729,1.50,1.13
2012.06.05 02:46:00.678,1.28696,1.2873,2.48,1.13
2012.06.05 02:46:01.970,1.28696,1.2873,3.23,1.88
2012.06.05 02:46:02.110,1.28696,1.2873,3.23,1.13
2012.06.05 02:46:02.296,1.28692,1.2873,1.50,1.88
2012.06.05 02:46:04.603,1.2869,1.28729,1.50,1.50
2012.06.05 02:46:05.005,1.28692,1.2873,1.50,1.88
2012.06.05 02:46:06.377,1.28695,1.2873,1.50,1.13
2012.06.05 02:46:10.904,1.28692,1.2873,3.23,1.88
2012.06.05 02:46:11.216,1.28691,1.28729,1.50,1.50
2012.06.05 02:46:22.171,1.28691,1.28729,1.50,1.50
2012.06.05 02:46:25.934,1.28691,1.28729,1.50,1.50
2012.06.05 02:46:38.074,1.28691,1.28729,1.50,1.88
2012.06.05 02:46:38.384,1.287,1.28734,1.05,2.48
2012.06.05 02:46:54.229,1.28707,1.28739,1.05,1.50
2012.06.05 02:46:55.070,1.28708,1.28739,2.78,3.00
2012.06.05 02:46:56.852,1.28713,1.28739,1.50,3.00
2012.06.05 02:46:56.986,1.2872,1.28739,1.50,2.25
2012.06.05 02:46:58.988,1.28713,1.28743,1.50,3.00
2012.06.05 02:46:59.197,1.28713,1.28743,1.50,2.25
2012.06.05 02:46:59.543,1.28718,1.28743,2.48,2.25
2012.06.05 02:47:00.529,1.28711,1.28746,1.50,2.25
2012.06.05 02:47:01.665,1.28711,1.28744,1.50,1.50
2012.06.05 02:47:07.685,1.28711,1.28744,1.50,1.50
2012.06.05 02:47:16.255,1.28705,1.28744,2.51,2.25
2012.06.05 02:47:16.769,1.28702,1.28744,1.50,2.25
2012.06.05 02:47:17.564,1.287,1.2874,1.50,1.50
2012.06.05 02:47:17.768,1.28703,1.28737,1.50,1.50
2012.06.05 02:47:21.534,1.28699,1.28737,3.04,1.50
2012.06.05 02:47:30.673,1.28699,1.28735,1.54,1.50
2012.06.05 02:47:41.869,1.28698,1.28735,1.50,1.50
2012.06.05 02:47:46.148,1.28698,1.28739,1.50,1.50
2012.06.05 02:47:53.105,1.28704,1.28742,1.50,1.50
2012.06.05 02:47:53.237,1.2871,1.28746,1.50,2.25
2012.06.05 02:47:53.545,1.2871,1.28744,1.50,1.50
2012.06.05 02:47:57.174,1.28716,1.28744,1.50,1.50
2012.06.05 02:47:57.502,1.28717,1.28746,2.48,1.50
2012.06.05 02:47:57.637,1.28717,1.28746,2.48,1.50
2012.06.05 02:47:58.201,1.28716,1.28747,1.50,2.25
2012.06.05 02:47:58.585,1.28716,1.28747,1.50,2.25
2012.06.05 02:48:05.325,1.2871,1.28749,1.50,1.50
2012.06.05 02:48:05.844,1.28706,1.28743,2.29,1.50
2012.06.05 02:48:08.162,1.28705,1.28743,1.54,1.50
2012.06.05 02:48:09.436,1.28705,1.28743,2.25,1.50
2012.06.05 02:48:09.776,1.28709,1.28749,1.50,1.50
2012.06.05 02:48:15.545,1.28709,1.28749,1.50,1.50
2012.06.05 02:48:15.735,1.28709,1.28749,1.50,1.50
2012.06.05 02:48:19.489,1.28709,1.28752,1.50,1.50
2012.06.05 02:48:19.814,1.28715,1.28754,1.50,1.50
2012.06.05 02:48:21.920,1.28715,1.28754,1.50,1.50
2012.06.05 02:48:22.356,1.28716,1.28751,1.50,2.25
2012.06.05 02:48:22.687,1.28717,1.28751,1.50,2.25
2012.06.05 02:48:22.756,1.28717,1.28751,1.50,2.25
2012.06.05 02:48:23.557,1.28717,1.28751,3.23,2.25
2012.06.05 02:48:36.416,1.28717,1.28753,2.48,1.50
2012.06.05 02:48:36.606,1.28715,1.28753,1.50,1.50
2012.06.05 02:48:52.070,1.28706,1.2874,2.25,1.50
2012.06.05 02:48:52.144,1.28705,1.28736,1.73,1.50
2012.06.05 02:48:52.404,1.28702,1.28736,2.25,1.50
2012.06.05 02:48:56.584,1.28705,1.2874,2.25,1.50
2012.06.05 02:48:56.654,1.28715,1.28743,1.50,2.87
2012.06.05 02:48:56.727,1.28715,1.28743,1.50,1.73
2012.06.05 02:48:56.858,1.28715,1.28747,1.50,1.15
2012.06.05 02:48:57.046,1.28715,1.28749,1.50,1.50
2012.06.05 02:49:01.009,1.2871,1.28748,2.48,1.50
2012.06.05 02:49:01.137,1.2871,1.28751,2.48,1.50
2012.06.05 02:49:02.146,1.28721,1.28754,1.50,1.50
2012.06.05 02:49:02.464,1.28724,1.28754,1.50,3.00
2012.06.05 02:49:12.929,1.28728,1.28759,1.50,1.50
2012.06.05 02:49:13.235,1.28732,1.28759,2.48,1.50
2012.06.05 02:49:13.490,1.28732,1.28756,1.73,1.50
2012.06.05 02:49:13.561,1.2872,1.28756,2.25,1.50
2012.06.05 02:49:13.908,1.2872,1.28753,2.25,1.50
2012.06.05 02:49:23.459,1.28715,1.28749,1.50,1.50
2012.06.05 02:49:42.605,1.28717,1.28753,1.50,1.50
2012.06.05 02:49:43.105,1.28723,1.28755,1.50,2.25
2012.06.05 02:49:46.755,1.28718,1.28754,1.73,1.50
2012.06.05 02:49:46.827,1.28718,1.28754,1.73,1.50
2012.06.05 02:49:46.895,1.28715,1.28754,1.50,1.50
2012.06.05 02:50:01.739,1.28716,1.28754,1.50,1.50
2012.06.05 02:50:02.056,1.28712,1.28755,3.00,1.50
2012.06.05 02:50:08.916,1.28707,1.28741,1.50,1.50
2012.06.05 02:50:14.147,1.28707,1.28745,1.50,1.50
2012.06.05 02:50:14.280,1.2871,1.28747,1.50,1.90
2012.06.05 02:50:14.406,1.2871,1.28747,3.23,1.50
2012.06.05 02:50:20.004,1.2871,1.28747,3.23,1.50
2012.06.05 02:50:28.774,1.2871,1.28747,3.23,1.50
2012.06.05 02:50:30.978,1.2871,1.28747,3.23,1.50
2012.06.05 02:50:34.655,1.28713,1.28747,1.50,1.50
2012.06.05 02:50:34.966,1.28717,1.28753,1.50,2.25
2012.06.05 02:50:45.437,1.28717,1.28755,1.50,1.50
2012.06.05 02:50:50.056,1.28715,1.28749,2.48,1.50
2012.06.05 02:50:50.185,1.28715,1.28749,1.73,2.25
2012.06.05 02:50:50.257,1.28708,1.28749,1.50,2.25
2012.06.05 02:50:50.395,1.28708,1.28747,1.50,1.50
2012.06.05 02:51:00.403,1.28708,1.28747,1.50,1.50
2012.06.05 02:51:16.897,1.28702,1.28743,1.50,1.50
2012.06.05 02:51:16.968,1.28702,1.28742,1.50,1.50
2012.06.05 02:51:17.036,1.28702,1.28742,2.25,1.50
2012.06.05 02:51:17.168,1.28702,1.28742,3.75,1.50
2012.06.05 02:51:17.367,1.28704,1.28735,1.50,1.50
2012.06.05 02:51:17.678,1.28704,1.28742,2.25,1.50
2012.06.05 02:51:18.199,1.28705,1.28734,1.50,1.50
2012.06.05 02:51:18.468,1.28699,1.28731,2.25,1.50
2012.06.05 02:51:18.539,1.28699,1.28731,1.50,1.50
2012.06.05 02:51:20.915,1.28699,1.28734,2.25,1.50
2012.06.05 02:51:20.988,1.28699,1.28739,2.25,2.87
2012.06.05 02:51:21.118,1.28705,1.2874,1.50,2.25
2012.06.05 02:51:21.942,1.28703,1.2874,2.25,1.50
2012.06.05 02:51:23.889,1.28703,1.2874,1.50,1.50
2012.06.05 02:51:24.349,1.28701,1.28742,1.50,1.50
2012.06.05 02:51:24.418,1.28705,1.28742,1.50,1.50
2012.06.05 02:51:24.901,1.28701,1.28734,1.54,1.50
2012.06.05 02:51:25.262,1.28694,1.2873,1.50,1.15
2012.06.05 02:51:25.346,1.28702,1.28731,1.50,1.50
2012.06.05 02:51:25.479,1.28702,1.28731,1.50,1.50
2012.06.05 02:51:26.341,1.28701,1.28733,1.50,1.13
2012.06.05 02:51:26.640,1.28701,1.28733,2.25,1.13
2012.06.05 02:51:26.969,1.28701,1.28733,1.50,1.13
2012.06.05 02:51:27.036,1.28701,1.28733,1.50,1.13
2012.06.05 02:51:27.248,1.28699,1.28733,1.50,1.13
2012.06.05 02:51:27.616,1.28705,1.28733,2.48,1.13
2012.06.05 02:51:27.694,1.28701,1.28733,2.25,1.13
2012.06.05 02:51:27.837,1.287,1.28739,1.73,1.50
2012.06.05 02:51:27.967,1.287,1.2873,1.73,1.50
2012.06.05 02:51:28.404,1.28697,1.28738,2.25,1.50
2012.06.05 02:51:28.876,1.28697,1.28729,1.50,2.25
2012.06.05 02:51:29.386,1.28697,1.28729,2.25,1.50
2012.06.05 02:51:29.745,1.28704,1.28729,2.48,1.50
2012.06.05 02:51:30.416,1.28704,1.2874,1.73,2.25
2012.06.05 02:51:30.630,1.287,1.2874,1.50,2.25
2012.06.05 02:51:31.189,1.28699,1.2874,1.50,1.50
2012.06.05 02:51:31.930,1.28704,1.2874,2.48,1.50
2012.06.05 02:51:32.001,1.28704,1.28739,1.73,1.50
2012.06.05 02:51:32.077,1.28699,1.28739,1.54,1.50
2012.06.05 02:51:33.336,1.287,1.28739,1.50,1.50
2012.06.05 02:51:33.677,1.28707,1.28746,1.50,1.50
2012.06.05 02:51:33.826,1.28704,1.2874,2.48,1.50
2012.06.05 02:51:35.145,1.28701,1.28729,1.50,1.50
2012.06.05 02:51:35.277,1.28698,1.28727,1.50,1.50
2012.06.05 02:51:36.185,1.28701,1.28729,1.50,1.50
2012.06.05 02:51:37.282,1.28698,1.28729,1.50,1.50
2012.06.05 02:51:41.907,1.28698,1.28733,1.50,1.50
2012.06.05 02:51:42.623,1.28698,1.28734,1.50,2.25
2012.06.05 02:51:44.717,1.28702,1.28734,1.50,2.25
2012.06.05 02:51:44.846,1.28698,1.28728,1.50,1.50
2012.06.05 02:51:44.981,1.28697,1.28732,1.50,1.50
2012.06.05 02:51:45.125,1.28694,1.28734,1.50,1.50
2012.06.05 02:51:45.202,1.28696,1.28728,1.73,1.50
2012.06.05 02:51:45.278,1.28698,1.28728,1.50,1.50
2012.06.05 02:51:45.466,1.28693,1.28734,2.29,1.50
2012.06.05 02:51:45.538,1.28693,1.28734,2.25,1.50
2012.06.05 02:51:47.438,1.28692,1.28734,2.29,1.50
2012.06.05 02:51:48.274,1.28692,1.28734,2.29,1.50
2012.06.05 02:51:50.516,1.28694,1.28736,1.50,1.50
2012.06.05 02:51:50.785,1.28694,1.28736,2.25,1.50
2012.06.05 02:51:51.094,1.28696,1.28736,1.50,1.50
2012.06.05 02:52:00.607,1.28698,1.28745,4.50,2.63
2012.06.05 02:52:00.798,1.28705,1.28745,1.50,1.88
2012.06.05 02:52:01.105,1.28698,1.28744,4.50,1.50
2012.06.05 02:52:04.298,1.28701,1.28739,2.25,1.50
2012.06.05 02:52:04.368,1.28699,1.28739,1.50,1.50
2012.06.05 02:52:04.438,1.28701,1.28739,1.50,1.50
2012.06.05 02:52:04.758,1.28701,1.28739,2.48,1.50
2012.06.05 02:52:05.068,1.28701,1.28739,2.48,1.50
2012.06.05 02:52:05.325,1.28697,1.28739,1.50,1.50
2012.06.05 02:52:13.145,1.28697,1.28737,1.50,1.90
2012.06.05 02:52:14.114,1.28697,1.28734,1.50,1.50
2012.06.05 02:52:28.207,1.28694,1.28734,1.50,2.25
2012.06.05 02:52:28.336,1.28684,1.28721,2.29,1.50
2012.06.05 02:52:28.570,1.28684,1.28721,2.29,1.50
2012.06.05 02:52:51.068,1.28683,1.28718,1.54,1.50
2012.06.05 02:52:51.374,1.28681,1.28712,2.48,1.50
2012.06.05 02:52:51.446,1.28677,1.28712,1.50,1.50
2012.06.05 02:52:52.083,1.28677,1.28712,1.50,1.50
2012.06.05 02:52:53.837,1.28677,1.2871,1.50,1.50
2012.06.05 02:52:54.148,1.28677,1.28704,1.50,1.50
2012.06.05 02:52:55.408,1.28677,1.28702,1.50,1.50
2012.06.05 02:52:55.747,1.28673,1.28704,1.50,1.50
2012.06.05 02:52:56.076,1.28676,1.28706,1.50,1.50
2012.06.05 02:52:59.637,1.28676,1.28703,1.50,1.50
2012.06.05 02:52:59.705,1.28676,1.28705,1.50,1.50
2012.06.05 02:53:03.135,1.28681,1.28712,1.50,2.48
2012.06.05 02:53:03.385,1.28676,1.28712,2.25,3.23
2012.06.05 02:53:19.234,1.28681,1.28714,1.50,1.50
2012.06.05 02:53:19.307,1.28682,1.28718,1.50,1.15
2012.06.05 02:53:19.451,1.28681,1.28719,2.48,1.90
2012.06.05 02:53:19.529,1.28681,1.28719,2.48,1.90
2012.06.05 02:53:22.306,1.28681,1.28717,2.48,1.50
2012.06.05 02:53:22.617,1.28675,1.28713,1.50,2.25
2012.06.05 02:53:24.344,1.28675,1.28709,1.50,2.48
2012.06.05 02:53:27.094,1.28675,1.28709,1.50,1.73
2012.06.05 02:53:27.607,1.28675,1.28713,1.50,2.25
2012.06.05 02:53:27.739,1.28675,1.28713,1.50,1.50
2012.06.05 02:53:28.643,1.28694,1.28721,1.50,1.50
2012.06.05 02:53:28.838,1.28694,1.28724,1.50,1.50
2012.06.05 02:53:30.539,1.28689,1.2872,2.48,1.50
2012.06.05 02:53:31.698,1.28682,1.2872,1.50,2.65
2012.06.05 02:53:33.942,1.28687,1.28724,1.50,1.50
2012.06.05 02:53:34.017,1.28687,1.28725,1.50,2.65
2012.06.05 02:53:34.216,1.28687,1.28722,1.50,1.15
2012.06.05 02:53:34.357,1.28687,1.28725,1.50,1.15
2012.06.05 02:53:39.480,1.28688,1.28723,1.50,2.25
2012.06.05 02:54:02.414,1.28686,1.28724,1.50,1.90
2012.06.05 02:54:02.965,1.28681,1.28721,3.23,1.50
2012.06.05 02:54:05.105,1.28679,1.2872,1.50,1.50
2012.06.05 02:54:15.376,1.28679,1.28718,1.50,1.50
2012.06.05 02:54:29.127,1.2868,1.28718,1.50,1.50
2012.06.05 02:54:29.679,1.28679,1.28717,1.50,1.50
2012.06.05 02:54:31.021,1.28677,1.28714,1.50,1.50
2012.06.05 02:54:43.746,1.28677,1.28714,1.50,1.50
2012.06.05 02:54:49.704,1.28677,1.28715,1.50,1.90
2012.06.05 02:54:50.019,1.28673,1.28713,3.23,1.50
2012.06.05 02:54:50.105,1.28673,1.2871,2.48,1.50
2012.06.05 02:54:50.498,1.28673,1.28713,1.50,1.90
2012.06.05 02:54:50.908,1.28675,1.28713,1.50,1.90
2012.06.05 02:54:50.988,1.28667,1.28702,1.50,1.50
2012.06.05 02:54:51.245,1.28667,1.28702,1.50,1.50
2012.06.05 02:54:53.226,1.28669,1.28702,2.25,1.50
2012.06.05 02:54:53.658,1.28669,1.28702,2.25,1.50
2012.06.05 02:55:02.745,1.28673,1.28711,1.50,1.50
2012.06.05 02:55:17.544,1.28673,1.28711,1.50,1.50
2012.06.05 02:55:44.935,1.28673,1.28711,1.50,1.50
2012.06.05 02:55:49.128,1.28673,1.28711,1.50,3.00
2012.06.05 02:55:49.259,1.28667,1.28705,3.23,1.50
2012.06.05 02:56:00.365,1.28676,1.28711,1.50,2.25
2012.06.05 02:56:00.439,1.2868,1.28713,2.48,1.90
2012.06.05 02:56:00.565,1.2868,1.28714,2.48,2.25
2012.06.05 02:56:00.707,1.2868,1.28714,1.73,3.00
2012.06.05 02:56:00.776,1.28676,1.28714,1.50,3.00
2012.06.05 02:56:01.046,1.28677,1.28714,1.50,3.00
2012.06.05 02:56:01.175,1.28677,1.28711,1.50,1.15
2012.06.05 02:56:01.245,1.28677,1.28712,1.50,1.15
2012.06.05 02:56:01.375,1.28678,1.28706,1.50,1.50
2012.06.05 02:56:01.446,1.28678,1.2871,1.50,1.50
2012.06.05 02:56:01.515,1.28678,1.2871,1.50,1.90
2012.06.05 02:56:01.586,1.28678,1.28713,1.50,2.25
2012.06.05 02:56:02.435,1.28677,1.28711,1.50,1.50
2012.06.05 02:56:03.114,1.28678,1.28713,1.50,2.25
2012.06.05 02:56:11.095,1.28678,1.28716,1.50,1.50
2012.06.05 02:56:11.225,1.28677,1.28714,1.50,1.50
2012.06.05 02:56:12.613,1.28677,1.28714,1.50,3.00
2012.06.05 02:56:13.676,1.28674,1.28704,2.29,1.50
2012.06.05 02:56:15.416,1.28676,1.28714,1.50,3.98
2012.06.05 02:56:15.547,1.28677,1.28714,1.50,3.23
2012.06.05 02:56:21.676,1.28677,1.28714,1.50,1.50
2012.06.05 02:56:24.383,1.28672,1.28713,2.25,1.50
2012.06.05 02:56:24.576,1.28676,1.28714,1.50,2.25
2012.06.05 02:56:26.397,1.28679,1.28715,1.50,2.25
2012.06.05 02:56:26.527,1.2868,1.28715,1.50,1.50
2012.06.05 02:56:26.655,1.28684,1.28719,1.73,1.50
2012.06.05 02:56:26.847,1.28679,1.28719,1.50,1.50
2012.06.05 02:56:26.975,1.2868,1.2872,1.50,1.90
2012.06.05 02:56:27.286,1.28683,1.28717,1.73,2.25
2012.06.05 02:56:27.358,1.28679,1.28719,2.25,3.00
2012.06.05 02:56:29.810,1.2868,1.28719,1.50,2.25
2012.06.05 02:56:35.750,1.28683,1.28719,2.48,1.50
2012.06.05 02:56:35.818,1.28683,1.28716,1.73,1.50
2012.06.05 02:56:35.888,1.28679,1.28716,1.50,1.50
2012.06.05 02:56:38.176,1.28679,1.28715,1.50,1.50
2012.06.05 02:56:40.636,1.28674,1.28713,2.51,1.50
2012.06.05 02:56:40.946,1.28676,1.28709,2.25,1.50
2012.06.05 02:56:44.538,1.28679,1.28717,1.50,1.50
2012.06.05 02:56:51.976,1.28679,1.28718,1.50,1.50
2012.06.05 02:56:52.340,1.28684,1.28721,2.48,1.50
2012.06.05 02:57:18.935,1.28684,1.28718,1.73,1.50
2012.06.05 02:57:19.008,1.28684,1.28721,3.98,1.50
2012.06.05 02:57:19.398,1.2869,1.28723,1.50,1.50
2012.06.05 02:57:19.539,1.2869,1.28723,1.50,1.50
2012.06.05 02:57:29.239,1.28694,1.28729,1.50,1.50
2012.06.05 02:57:29.487,1.28692,1.28725,2.48,1.50
2012.06.05 02:57:35.580,1.28691,1.28725,3.00,1.50
2012.06.05 02:57:35.770,1.28701,1.28728,1.50,2.65
2012.06.05 02:57:36.076,1.28701,1.28728,1.50,1.50
2012.06.05 02:57:40.714,1.28701,1.28731,1.50,2.63
2012.06.05 02:57:41.867,1.28703,1.2873,1.50,1.13
2012.06.05 02:57:44.661,1.28698,1.2873,1.50,1.13
2012.06.05 02:57:48.405,1.28715,1.2873,1.50,1.13
2012.06.05 02:57:48.549,1.28715,1.28736,1.50,1.15
2012.06.05 02:57:48.678,1.28709,1.28737,2.48,1.50
2012.06.05 02:57:49.197,1.28711,1.28735,1.50,1.15
2012.06.05 02:57:51.288,1.28715,1.28739,1.50,2.25
2012.06.05 02:57:51.538,1.2871,1.28739,1.50,2.25
2012.06.05 02:57:51.606,1.28715,1.28738,1.50,2.25
2012.06.05 02:57:52.312,1.28711,1.28739,1.50,1.50
2012.06.05 02:57:52.447,1.28706,1.28743,1.50,1.50
2012.06.05 02:57:52.701,1.28706,1.28735,1.50,1.15
2012.06.05 02:57:59.177,1.28709,1.28743,2.48,1.50
2012.06.05 02:57:59.728,1.28708,1.28743,1.50,1.50
2012.06.05 02:58:21.006,1.28708,1.28743,1.50,1.50
2012.06.05 02:58:22.438,1.28708,1.28746,1.50,1.50
2012.06.05 02:58:42.360,1.28709,1.28748,1.50,1.50
2012.06.05 02:58:43.331,1.28708,1.28748,1.50,2.25
2012.06.05 02:58:46.169,1.28711,1.2875,2.25,1.50
2012.06.05 02:58:46.687,1.28718,1.28748,1.50,1.15
2012.06.05 02:58:51.167,1.28715,1.28748,1.73,1.50
2012.06.05 02:58:51.416,1.2871,1.28748,1.50,1.50
2012.06.05 02:58:51.606,1.28715,1.28747,1.73,1.50
2012.06.05 02:58:51.858,1.2871,1.28748,1.50,1.50
2012.06.05 02:58:52.177,1.28715,1.28747,1.73,1.50
2012.06.05 02:58:52.308,1.2871,1.28747,1.50,1.50
2012.06.05 02:58:52.377,1.2872,1.28749,1.50,1.50
2012.06.05 02:58:52.878,1.2872,1.28749,1.50,1.50
2012.06.05 02:58:53.973,1.28711,1.28753,1.50,2.48
2012.06.05 02:58:54.178,1.28715,1.28747,1.73,1.50
2012.06.05 02:58:54.250,1.28711,1.28747,1.50,1.50
2012.06.05 02:58:54.378,1.28711,1.28749,1.50,1.50
2012.06.05 02:58:54.698,1.28714,1.28748,1.73,1.50
2012.06.05 02:58:54.838,1.28711,1.28748,1.50,1.50
2012.06.05 02:58:54.908,1.2872,1.28749,1.50,1.50
2012.06.05 02:58:56.457,1.28715,1.28747,1.73,1.50
2012.06.05 02:58:56.709,1.28714,1.28754,1.50,1.50
2012.06.05 02:58:57.028,1.28715,1.28748,2.48,1.50
2012.06.05 02:59:16.350,1.2872,1.28748,1.50,1.50
2012.06.05 02:59:16.659,1.28728,1.28755,1.50,1.13
2012.06.05 02:59:16.849,1.28726,1.28755,1.50,1.88
2012.06.05 02:59:16.980,1.28728,1.28753,1.50,2.65
2012.06.05 02:59:17.180,1.28728,1.28753,2.48,1.50
2012.06.05 02:59:17.254,1.28728,1.28753,2.48,1.50
2012.06.05 02:59:17.459,1.28726,1.28753,1.50,1.50
2012.06.05 02:59:17.790,1.28726,1.28753,1.50,1.50
2012.06.05 02:59:18.384,1.28717,1.28749,2.25,2.25
2012.06.05 02:59:19.878,1.28715,1.28748,2.48,2.25
2012.06.05 02:59:31.876,1.28715,1.28747,1.50,1.15
2012.06.05 02:59:32.206,1.28719,1.28746,1.50,1.15
2012.06.05 02:59:32.528,1.28719,1.28753,1.50,1.88
2012.06.05 02:59:32.913,1.28723,1.28753,2.48,1.88
2012.06.05 02:59:45.670,1.28722,1.28754,1.50,1.50
2012.06.05 02:59:46.258,1.28719,1.28753,1.50,1.50
2012.06.05 02:59:46.388,1.28722,1.2876,1.50,2.25
2012.06.05 02:59:46.891,1.28722,1.28758,1.50,1.13
