2012.07.20 03:00:00.162,1.29691,1.29721,1.44,2.25
2012.07.20 03:00:01.370,1.29691,1.29721,1.44,2.25
2012.07.20 03:00:01.844,1.29691,1.29721,1.44,2.25
2012.07.20 03:00:02.204,1.29695,1.29722,1.44,1.35
2012.07.20 03:00:02.325,1.29695,1.29722,1.44,2.85
2012.07.20 03:00:02.453,1.29691,1.29722,1.44,2.85
2012.07.20 03:00:02.982,1.29691,1.29722,1.44,1.35
2012.07.20 03:00:03.989,1.29691,1.29722,1.44,1.35
2012.07.20 03:00:04.313,1.29695,1.29722,1.44,1.35
2012.07.20 03:00:04.717,1.29695,1.29726,1.44,1.05
2012.07.20 03:00:04.897,1.29695,1.29729,1.44,1.05
2012.07.20 03:00:05.433,1.29696,1.29732,1.44,2.25
2012.07.20 03:00:07.294,1.29695,1.29729,1.44,2.25
2012.07.20 03:00:07.542,1.29696,1.29733,1.50,1.50
2012.07.20 03:00:07.836,1.29696,1.29733,2.19,1.50
2012.07.20 03:00:08.286,1.29696,1.29733,1.44,2.25
2012.07.20 03:00:10.286,1.29696,1.29733,1.50,1.50
2012.07.20 03:00:10.349,1.29696,1.29733,1.50,1.50
2012.07.20 03:00:11.958,1.29696,1.29733,1.50,1.50
2012.07.20 03:00:13.035,1.29696,1.29735,1.50,2.25
2012.07.20 03:00:15.548,1.29696,1.29732,1.50,1.50
2012.07.20 03:00:16.678,1.29696,1.29732,1.50,1.50
2012.07.20 03:00:18.907,1.29695,1.29732,1.44,2.25
2012.07.20 03:00:20.191,1.29698,1.29736,1.50,1.50
2012.07.20 03:00:20.431,1.29698,1.29728,1.50,1.50
2012.07.20 03:00:20.496,1.29698,1.29735,1.50,1.50
2012.07.20 03:00:20.734,1.29698,1.29739,1.50,2.25
2012.07.20 03:00:21.229,1.29698,1.29738,1.50,1.50
2012.07.20 03:00:21.302,1.29699,1.29736,1.50,2.99
2012.07.20 03:00:21.423,1.29699,1.29736,1.50,2.99
2012.07.20 03:00:21.953,1.29697,1.29733,1.50,1.49
2012.07.20 03:00:22.500,1.29699,1.29733,1.50,1.49
2012.07.20 03:00:23.046,1.29699,1.2973,1.50,1.50
2012.07.20 03:00:23.433,1.29695,1.2973,1.44,2.25
2012.07.20 03:00:23.499,1.29696,1.29727,1.44,1.49
2012.07.20 03:00:25.026,1.29696,1.29727,1.44,1.49
2012.07.20 03:00:26.180,1.29696,1.29727,1.44,1.49
2012.07.20 03:00:26.742,1.29696,1.29721,1.44,1.49
2012.07.20 03:00:26.810,1.29694,1.29721,1.44,1.49
2012.07.20 03:00:27.348,1.29692,1.29719,1.44,1.49
2012.07.20 03:00:27.905,1.29696,1.29729,2.19,2.24
2012.07.20 03:00:28.260,1.29695,1.29729,1.44,2.24
2012.07.20 03:00:28.727,1.29695,1.29733,2.19,1.49
2012.07.20 03:00:28.852,1.29697,1.29735,2.25,1.64
2012.07.20 03:00:30.271,1.297,1.29737,1.50,2.24
2012.07.20 03:00:30.336,1.297,1.29737,1.50,1.50
2012.07.20 03:00:30.843,1.29701,1.29744,1.50,3.37
2012.07.20 03:00:30.910,1.29701,1.2974,1.50,1.49
2012.07.20 03:00:31.152,1.29707,1.29744,1.50,1.88
2012.07.20 03:00:31.217,1.29707,1.2974,1.50,1.50
2012.07.20 03:00:31.284,1.29707,1.29735,1.50,1.50
2012.07.20 03:00:31.408,1.29707,1.29737,1.50,2.24
2012.07.20 03:00:31.473,1.29707,1.29746,1.50,1.35
2012.07.20 03:00:31.772,1.29705,1.2974,2.25,1.49
2012.07.20 03:00:31.837,1.29707,1.29747,1.50,1.49
2012.07.20 03:00:32.195,1.29704,1.29739,1.50,2.24
2012.07.20 03:00:32.436,1.29704,1.29744,1.50,1.35
2012.07.20 03:00:32.504,1.29704,1.29741,1.50,1.34
2012.07.20 03:00:32.743,1.29701,1.29741,3.00,2.10
2012.07.20 03:00:32.808,1.29708,1.29746,1.50,2.24
2012.07.20 03:00:32.930,1.29703,1.29741,1.50,1.34
2012.07.20 03:00:33.051,1.29703,1.2974,1.50,2.24
2012.07.20 03:00:33.404,1.29697,1.29731,1.50,2.24
2012.07.20 03:00:33.525,1.297,1.29731,1.50,2.24
2012.07.20 03:00:33.647,1.29696,1.29731,1.50,2.24
2012.07.20 03:00:34.182,1.29696,1.29731,1.50,1.50
2012.07.20 03:00:34.723,1.29696,1.29731,1.50,1.50
2012.07.20 03:00:34.787,1.29695,1.29733,1.44,2.25
2012.07.20 03:00:35.026,1.29697,1.29735,1.50,2.24
2012.07.20 03:00:35.555,1.29696,1.29725,1.44,1.50
2012.07.20 03:00:35.678,1.29695,1.29725,1.44,1.50
2012.07.20 03:00:36.031,1.29696,1.29725,1.44,1.50
2012.07.20 03:00:36.337,1.29695,1.29725,1.44,1.50
2012.07.20 03:00:36.854,1.29695,1.29725,1.44,1.50
2012.07.20 03:00:37.388,1.29695,1.29727,1.44,2.25
2012.07.20 03:00:37.984,1.29695,1.29728,1.44,2.25
2012.07.20 03:00:38.108,1.29695,1.2973,2.19,1.50
2012.07.20 03:00:38.172,1.29695,1.29732,2.19,1.50
2012.07.20 03:00:38.237,1.29698,1.29732,1.50,1.50
2012.07.20 03:00:38.783,1.29698,1.29732,1.50,2.25
2012.07.20 03:00:38.854,1.29696,1.29732,1.44,2.99
2012.07.20 03:00:39.034,1.29695,1.29728,2.19,1.50
2012.07.20 03:00:39.099,1.29695,1.29728,2.19,2.24
2012.07.20 03:00:39.454,1.29695,1.29725,1.44,1.49
2012.07.20 03:00:39.519,1.29696,1.29727,1.44,2.24
2012.07.20 03:00:39.697,1.29696,1.29724,1.44,1.50
2012.07.20 03:00:40.221,1.29696,1.29728,1.44,1.49
2012.07.20 03:00:41.423,1.29696,1.29729,1.44,2.25
2012.07.20 03:00:41.781,1.29696,1.29733,1.44,2.99
2012.07.20 03:00:42.972,1.29695,1.29727,1.44,1.50
2012.07.20 03:00:44.130,1.29696,1.29732,1.44,2.25
2012.07.20 03:00:44.194,1.29696,1.29732,1.44,2.25
2012.07.20 03:00:44.524,1.29696,1.29728,1.44,1.50
2012.07.20 03:00:45.668,1.29696,1.29728,1.44,2.25
2012.07.20 03:00:45.875,1.29694,1.29727,1.44,1.49
2012.07.20 03:00:46.473,1.29694,1.29724,1.44,2.25
2012.07.20 03:00:48.174,1.29694,1.29722,1.44,1.50
2012.07.20 03:00:48.297,1.29694,1.29722,1.44,2.25
2012.07.20 03:00:48.907,1.2969,1.29718,1.44,1.87
2012.07.20 03:00:49.261,1.2969,1.29716,1.44,1.35
2012.07.20 03:00:49.327,1.2969,1.2972,1.44,1.35
2012.07.20 03:00:49.392,1.2969,1.29723,1.44,1.49
2012.07.20 03:00:49.458,1.2969,1.29721,1.44,2.25
2012.07.20 03:00:49.522,1.2969,1.29721,1.44,1.80
2012.07.20 03:00:49.643,1.29696,1.29721,1.44,1.50
2012.07.20 03:00:49.883,1.29695,1.29729,2.19,1.50
2012.07.20 03:00:50.066,1.29695,1.29733,1.44,1.57
2012.07.20 03:00:50.530,1.297,1.29736,1.50,1.50
2012.07.20 03:00:51.153,1.297,1.29738,1.50,2.25
2012.07.20 03:00:51.827,1.297,1.29738,1.50,1.50
2012.07.20 03:00:52.082,1.297,1.29735,1.50,1.50
2012.07.20 03:00:54.691,1.297,1.2973,1.50,1.50
2012.07.20 03:00:54.755,1.29696,1.2973,1.44,2.25
2012.07.20 03:00:54.819,1.29694,1.2973,1.44,2.25
2012.07.20 03:00:55.365,1.29694,1.2973,1.44,2.25
2012.07.20 03:00:56.124,1.29694,1.2973,1.44,2.25
2012.07.20 03:00:56.678,1.29694,1.2973,1.44,2.25
2012.07.20 03:00:57.726,1.29694,1.29729,1.44,1.50
2012.07.20 03:00:58.292,1.29694,1.29732,1.44,1.50
2012.07.20 03:00:58.962,1.29694,1.29732,1.44,1.50
2012.07.20 03:00:59.971,1.29692,1.29732,1.44,1.50
2012.07.20 03:01:00.323,1.29696,1.29726,1.44,1.49
2012.07.20 03:01:00.387,1.29696,1.29729,1.44,1.49
2012.07.20 03:01:00.451,1.29696,1.2973,1.44,1.49
2012.07.20 03:01:00.748,1.29696,1.2973,1.44,1.49
2012.07.20 03:01:00.813,1.29696,1.29721,1.44,1.49
2012.07.20 03:01:04.372,1.29695,1.29726,1.44,1.49
2012.07.20 03:01:04.438,1.29695,1.29728,1.44,1.13
2012.07.20 03:01:04.561,1.29696,1.29731,1.44,2.99
2012.07.20 03:01:04.684,1.29696,1.29731,1.44,1.49
2012.07.20 03:01:06.723,1.29696,1.29731,1.44,1.49
2012.07.20 03:01:07.279,1.29695,1.29732,1.44,2.25
2012.07.20 03:01:07.353,1.29697,1.29736,1.50,2.25
2012.07.20 03:01:07.708,1.29697,1.29733,1.50,2.99
2012.07.20 03:01:08.060,1.29695,1.2973,1.44,1.49
2012.07.20 03:01:08.124,1.29696,1.2973,1.44,1.49
2012.07.20 03:01:08.188,1.29696,1.29728,1.44,2.25
2012.07.20 03:01:08.311,1.29696,1.29727,1.44,1.49
2012.07.20 03:01:08.433,1.29696,1.29727,1.44,2.25
2012.07.20 03:01:08.680,1.29696,1.29727,1.44,1.49
2012.07.20 03:01:08.745,1.29696,1.29727,1.44,1.49
2012.07.20 03:01:09.929,1.29695,1.29727,1.44,1.49
2012.07.20 03:01:10.341,1.29695,1.29732,1.44,2.25
2012.07.20 03:01:10.521,1.29696,1.29729,1.44,1.50
2012.07.20 03:01:10.585,1.29696,1.29733,1.44,1.49
2012.07.20 03:01:10.881,1.29696,1.29734,1.44,2.25
2012.07.20 03:01:10.946,1.29701,1.29735,1.50,1.13
2012.07.20 03:01:11.462,1.29695,1.29735,1.44,1.13
2012.07.20 03:01:11.528,1.29701,1.29736,1.50,1.88
2012.07.20 03:01:11.708,1.29695,1.29739,1.44,1.50
2012.07.20 03:01:11.944,1.297,1.29739,1.50,1.50
2012.07.20 03:01:12.065,1.297,1.29735,1.50,1.50
2012.07.20 03:01:13.929,1.297,1.29738,1.50,2.25
2012.07.20 03:01:14.052,1.29701,1.29743,1.50,1.50
2012.07.20 03:01:14.174,1.297,1.29739,3.00,1.50
2012.07.20 03:01:14.640,1.297,1.29734,1.50,1.50
2012.07.20 03:01:14.819,1.29696,1.29734,1.44,3.00
2012.07.20 03:01:14.941,1.29695,1.29732,1.44,1.49
2012.07.20 03:01:17.355,1.29695,1.29735,1.44,3.00
2012.07.20 03:01:18.131,1.29696,1.2973,1.44,2.25
2012.07.20 03:01:18.311,1.29695,1.2973,1.44,2.25
2012.07.20 03:01:18.374,1.29696,1.2973,1.44,2.25
2012.07.20 03:01:19.123,1.29695,1.29733,1.44,2.25
2012.07.20 03:01:20.397,1.29703,1.29741,1.50,1.50
2012.07.20 03:01:20.635,1.29696,1.29741,2.70,1.50
2012.07.20 03:01:20.758,1.29696,1.29741,2.70,1.50
2012.07.20 03:01:25.171,1.297,1.29745,1.50,2.62
2012.07.20 03:01:25.412,1.29699,1.29741,2.25,1.50
2012.07.20 03:01:27.358,1.29704,1.29741,1.50,1.50
2012.07.20 03:01:28.322,1.29702,1.29741,2.25,1.50
2012.07.20 03:01:28.882,1.29703,1.29741,1.50,2.25
2012.07.20 03:01:29.407,1.29703,1.29738,2.25,1.49
2012.07.20 03:01:29.760,1.29697,1.29741,1.20,1.50
2012.07.20 03:01:29.883,1.297,1.29742,1.50,2.25
2012.07.20 03:01:29.947,1.29703,1.29742,1.50,2.25
2012.07.20 03:01:30.188,1.29702,1.29741,1.50,1.50
2012.07.20 03:01:30.483,1.29701,1.29741,2.25,1.50
2012.07.20 03:01:31.068,1.29696,1.29737,2.25,1.49
2012.07.20 03:01:31.248,1.29696,1.29737,1.50,2.25
2012.07.20 03:01:32.788,1.29702,1.29741,1.50,3.00
2012.07.20 03:01:39.493,1.29703,1.29741,2.25,1.50
2012.07.20 03:01:40.841,1.29699,1.29741,2.25,2.24
2012.07.20 03:01:42.343,1.29702,1.29741,1.50,2.24
2012.07.20 03:01:48.844,1.29703,1.29741,1.35,1.50
2012.07.20 03:01:49.197,1.29714,1.29745,1.50,2.25
2012.07.20 03:01:49.611,1.29715,1.2975,1.20,2.25
2012.07.20 03:01:49.679,1.29709,1.29747,2.25,1.50
2012.07.20 03:01:49.954,1.29704,1.29742,1.44,1.50
2012.07.20 03:01:55.047,1.29701,1.29743,1.50,1.50
2012.07.20 03:01:56.032,1.29702,1.2974,2.25,1.49
2012.07.20 03:01:56.568,1.29699,1.2974,2.25,2.24
2012.07.20 03:01:56.692,1.29704,1.29742,1.50,1.49
2012.07.20 03:01:56.988,1.29705,1.2974,1.50,1.50
2012.07.20 03:01:57.514,1.29698,1.29739,1.50,1.49
2012.07.20 03:02:00.112,1.297,1.29738,2.25,1.50
2012.07.20 03:02:00.749,1.29695,1.29733,1.44,1.49
2012.07.20 03:02:01.102,1.29696,1.29728,1.44,1.49
2012.07.20 03:02:01.699,1.29696,1.29726,1.44,1.49
2012.07.20 03:02:01.961,1.29696,1.29728,1.44,1.49
2012.07.20 03:02:03.167,1.29696,1.29734,1.44,3.00
2012.07.20 03:02:03.403,1.29696,1.29734,1.44,1.50
2012.07.20 03:02:03.582,1.29695,1.29734,1.44,1.50
2012.07.20 03:02:03.706,1.29695,1.29735,2.19,1.50
2012.07.20 03:02:03.828,1.297,1.29739,1.50,1.32
2012.07.20 03:02:04.144,1.29705,1.29741,2.25,1.50
2012.07.20 03:02:04.921,1.29705,1.2974,2.25,1.50
2012.07.20 03:02:05.227,1.29714,1.29743,1.50,1.50
2012.07.20 03:02:05.407,1.29712,1.29747,2.25,1.50
2012.07.20 03:02:05.528,1.29712,1.29749,3.00,1.50
2012.07.20 03:02:07.296,1.29712,1.2975,3.00,1.50
2012.07.20 03:02:09.647,1.29712,1.29748,2.25,1.50
2012.07.20 03:02:09.883,1.29715,1.29754,1.50,1.50
2012.07.20 03:02:09.947,1.29712,1.29754,2.25,1.50
2012.07.20 03:02:10.183,1.29715,1.29753,1.50,1.50
2012.07.20 03:02:10.247,1.29715,1.29752,1.50,1.50
2012.07.20 03:02:10.369,1.29714,1.29752,1.50,1.50
2012.07.20 03:02:10.662,1.29709,1.29752,1.50,2.25
2012.07.20 03:02:11.168,1.29712,1.29749,1.50,1.50
2012.07.20 03:02:11.365,1.29707,1.29749,2.25,1.50
2012.07.20 03:02:18.148,1.29707,1.29749,3.00,1.50
2012.07.20 03:02:23.175,1.29709,1.29749,1.50,1.50
2012.07.20 03:02:23.716,1.29712,1.29752,1.50,1.50
2012.07.20 03:02:23.950,1.29709,1.29752,3.00,3.00
2012.07.20 03:02:24.078,1.29705,1.29749,3.00,3.00
2012.07.20 03:02:27.015,1.29705,1.29744,3.00,1.50
2012.07.20 03:02:32.644,1.29705,1.29749,2.25,3.00
2012.07.20 03:02:32.999,1.29699,1.29744,2.25,2.25
2012.07.20 03:02:33.178,1.29699,1.29742,3.00,2.25
2012.07.20 03:02:33.719,1.29699,1.29739,3.00,1.50
2012.07.20 03:02:35.499,1.29699,1.29739,2.25,2.25
2012.07.20 03:02:39.559,1.29702,1.29739,1.50,1.50
2012.07.20 03:02:41.197,1.29702,1.29739,1.50,1.50
2012.07.20 03:02:41.731,1.29698,1.29739,1.50,1.50
2012.07.20 03:02:47.383,1.29696,1.29739,1.20,2.25
2012.07.20 03:02:47.844,1.29696,1.29735,1.44,2.25
2012.07.20 03:02:48.190,1.29695,1.2973,2.19,2.25
2012.07.20 03:02:50.813,1.29696,1.29738,1.44,2.25
2012.07.20 03:02:50.933,1.29701,1.29738,1.50,3.00
2012.07.20 03:02:55.257,1.29706,1.29743,1.50,1.50
2012.07.20 03:02:55.322,1.29707,1.29743,3.00,1.50
2012.07.20 03:02:56.502,1.2971,1.29743,1.50,1.50
2012.07.20 03:02:56.623,1.29703,1.29743,1.50,1.50
2012.07.20 03:02:57.636,1.297,1.2974,2.25,1.50
2012.07.20 03:02:58.283,1.29698,1.29738,2.25,1.50
2012.07.20 03:02:58.347,1.29698,1.2974,2.25,1.50
2012.07.20 03:02:59.716,1.297,1.2974,1.50,1.50
2012.07.20 03:02:59.901,1.29703,1.29742,2.25,1.50
2012.07.20 03:03:00.140,1.29707,1.29742,1.50,1.50
2012.07.20 03:03:00.886,1.29707,1.2974,1.50,1.50
2012.07.20 03:03:02.923,1.29707,1.29743,1.50,1.50
2012.07.20 03:03:03.544,1.29707,1.2974,1.50,1.50
2012.07.20 03:03:04.827,1.29705,1.2974,1.50,1.50
2012.07.20 03:03:05.358,1.297,1.2974,1.50,1.50
2012.07.20 03:03:07.471,1.297,1.29739,1.50,1.50
2012.07.20 03:03:08.154,1.29699,1.29739,2.25,1.50
2012.07.20 03:03:08.851,1.29699,1.2974,3.00,1.50
2012.07.20 03:03:10.447,1.29699,1.29739,2.25,1.50
2012.07.20 03:03:13.755,1.29697,1.2974,1.50,1.50
2012.07.20 03:03:14.159,1.297,1.29744,2.25,1.50
2012.07.20 03:03:14.449,1.29698,1.2974,2.25,1.50
2012.07.20 03:03:14.987,1.297,1.2974,1.50,1.50
2012.07.20 03:03:15.172,1.29698,1.29738,2.25,1.50
2012.07.20 03:03:15.524,1.29699,1.29739,1.50,1.50
2012.07.20 03:03:15.645,1.297,1.2974,1.50,1.50
2012.07.20 03:03:17.256,1.29698,1.2974,2.25,1.50
2012.07.20 03:03:18.880,1.29698,1.29741,2.25,1.50
2012.07.20 03:03:19.002,1.29698,1.2974,2.25,1.50
2012.07.20 03:03:21.441,1.29698,1.29738,2.25,1.50
2012.07.20 03:03:21.681,1.29697,1.2974,2.25,1.50
2012.07.20 03:03:22.797,1.29698,1.2974,1.50,1.50
2012.07.20 03:03:23.323,1.29705,1.29744,1.50,2.25
2012.07.20 03:03:24.204,1.297,1.29744,2.25,3.75
2012.07.20 03:03:25.314,1.29703,1.29744,1.50,2.25
2012.07.20 03:03:27.489,1.29703,1.2974,1.50,1.50
2012.07.20 03:03:27.554,1.29696,1.2974,1.95,3.00
2012.07.20 03:03:27.618,1.29696,1.2974,2.19,3.00
2012.07.20 03:03:29.148,1.29695,1.29735,1.44,1.50
2012.07.20 03:03:29.498,1.29695,1.2974,2.94,4.49
2012.07.20 03:03:31.333,1.29697,1.2974,1.50,3.74
2012.07.20 03:03:39.441,1.29696,1.2973,3.69,1.50
2012.07.20 03:03:39.798,1.29696,1.29736,1.44,2.85
2012.07.20 03:03:39.921,1.29697,1.29736,1.50,2.85
2012.07.20 03:03:40.104,1.29697,1.29736,3.00,1.50
2012.07.20 03:03:40.169,1.29697,1.29736,3.00,1.50
2012.07.20 03:03:40.497,1.29697,1.29736,3.00,1.50
2012.07.20 03:03:44.219,1.29702,1.29739,1.50,1.35
2012.07.20 03:03:47.530,1.29697,1.29741,2.25,1.50
2012.07.20 03:03:49.579,1.29697,1.29738,1.50,2.24
2012.07.20 03:03:49.912,1.29697,1.29739,1.50,2.25
2012.07.20 03:03:50.261,1.29695,1.29739,2.19,2.25
2012.07.20 03:03:50.384,1.29695,1.29735,1.44,2.25
2012.07.20 03:03:50.832,1.29696,1.29739,2.19,2.25
2012.07.20 03:03:51.010,1.29695,1.29739,1.44,2.99
2012.07.20 03:03:54.604,1.29699,1.29735,1.50,1.50
2012.07.20 03:03:54.900,1.29695,1.29735,1.44,2.25
2012.07.20 03:03:55.255,1.29695,1.2973,1.44,2.25
2012.07.20 03:03:56.006,1.29696,1.2973,1.44,2.25
2012.07.20 03:04:04.868,1.29695,1.29732,1.44,1.35
2012.07.20 03:04:04.989,1.29696,1.29732,1.44,1.35
2012.07.20 03:04:06.356,1.29694,1.29732,1.44,2.84
2012.07.20 03:04:06.421,1.29695,1.29732,1.44,1.35
2012.07.20 03:04:07.766,1.29696,1.29732,1.44,1.35
2012.07.20 03:04:07.944,1.29696,1.29729,1.44,2.25
2012.07.20 03:04:08.065,1.29696,1.29729,1.44,2.25
2012.07.20 03:04:08.392,1.29696,1.29729,1.44,2.25
2012.07.20 03:04:08.947,1.29696,1.29732,1.44,2.85
2012.07.20 03:04:17.846,1.29695,1.29736,1.44,3.00
2012.07.20 03:04:21.840,1.29696,1.29739,1.44,2.24
2012.07.20 03:04:21.904,1.29696,1.29739,1.44,1.49
2012.07.20 03:04:22.026,1.29703,1.2974,1.50,3.00
2012.07.20 03:04:22.089,1.29703,1.2973,1.50,1.50
2012.07.20 03:04:22.154,1.29699,1.29728,1.05,1.50
2012.07.20 03:04:22.334,1.29695,1.29735,1.44,2.25
2012.07.20 03:04:22.805,1.29696,1.29734,1.44,2.40
2012.07.20 03:04:22.869,1.29696,1.29732,1.44,1.49
2012.07.20 03:04:23.048,1.29696,1.29734,1.44,2.40
2012.07.20 03:04:23.112,1.29696,1.29734,1.44,2.40
2012.07.20 03:04:27.996,1.29696,1.29734,1.44,1.50
2012.07.20 03:04:28.407,1.29696,1.29729,1.44,1.50
2012.07.20 03:04:28.940,1.29695,1.29728,1.44,1.50
2012.07.20 03:04:29.005,1.29701,1.29736,1.50,3.30
2012.07.20 03:04:29.529,1.29696,1.29727,2.19,1.50
2012.07.20 03:04:29.650,1.29696,1.29726,2.19,1.50
2012.07.20 03:04:29.781,1.29696,1.29729,1.50,1.50
2012.07.20 03:04:30.441,1.29695,1.29729,2.19,1.50
2012.07.20 03:04:31.057,1.297,1.29731,1.50,1.50
2012.07.20 03:04:31.121,1.297,1.29735,1.50,2.25
2012.07.20 03:04:31.629,1.297,1.29735,1.50,1.50
2012.07.20 03:04:33.659,1.297,1.29735,1.50,2.25
2012.07.20 03:04:36.658,1.29695,1.29733,1.44,1.50
2012.07.20 03:04:37.011,1.29696,1.29729,1.44,1.50
2012.07.20 03:04:37.248,1.29696,1.29723,1.44,1.50
2012.07.20 03:04:37.753,1.29695,1.29726,1.44,2.25
2012.07.20 03:04:38.448,1.29695,1.29726,1.44,2.25
2012.07.20 03:04:41.958,1.29696,1.29726,1.44,2.99
2012.07.20 03:04:42.191,1.29696,1.29726,1.44,2.25
2012.07.20 03:04:42.483,1.29696,1.29732,1.44,2.25
2012.07.20 03:04:44.268,1.297,1.2973,1.50,1.50
2012.07.20 03:04:44.392,1.29696,1.2973,2.19,1.50
2012.07.20 03:04:46.460,1.29695,1.29724,1.44,1.50
2012.07.20 03:04:47.842,1.29695,1.29718,1.44,1.50
2012.07.20 03:04:48.416,1.29695,1.29718,1.44,1.50
2012.07.20 03:04:48.481,1.29695,1.29716,1.44,1.50
2012.07.20 03:04:48.986,1.29695,1.29716,1.44,1.50
2012.07.20 03:04:49.165,1.29695,1.2972,1.44,1.50
2012.07.20 03:04:49.781,1.29695,1.29724,1.44,1.50
2012.07.20 03:04:50.538,1.29695,1.29724,1.44,1.50
2012.07.20 03:04:50.659,1.29696,1.29728,1.44,1.50
2012.07.20 03:04:51.190,1.29696,1.29731,1.44,1.50
2012.07.20 03:04:51.316,1.29696,1.29727,1.44,1.50
2012.07.20 03:04:51.617,1.29701,1.29729,1.50,1.50
2012.07.20 03:04:51.920,1.29695,1.29728,1.44,1.50
2012.07.20 03:04:52.300,1.29696,1.29719,1.44,1.50
2012.07.20 03:04:52.816,1.29694,1.29719,1.44,1.50
2012.07.20 03:04:53.785,1.29694,1.29719,1.44,1.50
2012.07.20 03:04:54.294,1.29694,1.29719,1.44,1.50
2012.07.20 03:04:54.786,1.29694,1.29724,1.44,1.50
2012.07.20 03:04:54.851,1.29694,1.29725,1.44,2.25
2012.07.20 03:04:54.917,1.29696,1.29721,1.44,1.50
2012.07.20 03:04:55.792,1.29696,1.29717,1.44,1.50
2012.07.20 03:04:55.972,1.29696,1.29723,1.44,2.25
2012.07.20 03:04:56.092,1.29695,1.29723,1.44,2.25
2012.07.20 03:04:56.271,1.29695,1.29719,1.44,1.50
2012.07.20 03:04:56.795,1.29695,1.29719,1.44,1.50
2012.07.20 03:04:56.947,1.29695,1.29722,1.44,1.50
2012.07.20 03:04:57.472,1.29696,1.29722,1.44,1.50
2012.07.20 03:04:57.536,1.29695,1.29725,1.44,1.50
2012.07.20 03:04:57.600,1.29695,1.29727,1.44,1.50
2012.07.20 03:04:57.722,1.29695,1.29727,1.44,1.50
2012.07.20 03:04:58.227,1.29699,1.29727,1.50,1.50
2012.07.20 03:04:58.535,1.29695,1.29724,1.44,1.50
2012.07.20 03:04:59.007,1.29695,1.29722,1.44,1.50
2012.07.20 03:04:59.130,1.29695,1.29725,1.44,1.50
2012.07.20 03:04:59.502,1.29696,1.29722,1.44,1.50
2012.07.20 03:04:59.565,1.29696,1.2972,1.44,1.50
2012.07.20 03:05:00.056,1.29695,1.2972,1.44,1.50
2012.07.20 03:05:00.786,1.29696,1.29722,1.44,1.50
2012.07.20 03:05:01.326,1.29695,1.29723,1.44,1.50
2012.07.20 03:05:02.012,1.29696,1.29723,1.44,1.50
2012.07.20 03:05:02.077,1.29696,1.29726,1.44,3.00
2012.07.20 03:05:02.428,1.29695,1.29726,1.44,2.25
2012.07.20 03:05:03.260,1.29695,1.2972,1.44,2.25
2012.07.20 03:05:13.938,1.29695,1.2972,1.44,2.25
2012.07.20 03:05:14.173,1.29695,1.29719,1.44,1.50
2012.07.20 03:05:14.296,1.29696,1.29718,1.44,2.25
2012.07.20 03:05:14.595,1.29685,1.29718,2.19,1.50
2012.07.20 03:05:14.716,1.29685,1.29718,1.44,2.25
2012.07.20 03:05:14.952,1.29688,1.29714,1.44,1.50
2012.07.20 03:05:15.501,1.29686,1.29715,1.44,1.50
2012.07.20 03:05:15.564,1.29686,1.29719,1.44,1.50
2012.07.20 03:05:17.118,1.29686,1.29723,1.44,2.25
2012.07.20 03:05:18.915,1.29694,1.29723,1.44,1.50
2012.07.20 03:05:19.552,1.29694,1.29722,1.44,1.50
2012.07.20 03:05:19.631,1.29691,1.29718,1.44,1.50
2012.07.20 03:05:20.159,1.29689,1.29718,1.44,1.50
2012.07.20 03:05:20.223,1.29695,1.29722,1.44,2.40
2012.07.20 03:05:20.759,1.29695,1.29722,1.44,2.25
2012.07.20 03:05:21.175,1.29695,1.29722,1.44,2.25
2012.07.20 03:05:28.914,1.29696,1.29721,1.44,1.50
2012.07.20 03:05:29.347,1.29695,1.29714,1.44,1.50
2012.07.20 03:05:29.960,1.29695,1.29714,1.44,1.50
2012.07.20 03:05:31.149,1.29695,1.29716,1.44,1.50
2012.07.20 03:05:31.557,1.29695,1.29725,1.44,1.50
2012.07.20 03:05:31.678,1.29695,1.29725,1.44,2.25
2012.07.20 03:05:32.028,1.29695,1.29717,1.44,1.50
2012.07.20 03:05:32.207,1.29696,1.29719,1.44,1.50
2012.07.20 03:05:32.766,1.29696,1.29716,1.44,1.50
2012.07.20 03:05:32.830,1.29695,1.29716,1.44,1.50
2012.07.20 03:05:33.368,1.29695,1.29716,1.44,1.50
2012.07.20 03:05:34.655,1.29695,1.29716,1.44,1.50
2012.07.20 03:05:36.887,1.29695,1.29717,1.44,2.25
2012.07.20 03:05:37.394,1.29695,1.29714,1.44,1.50
2012.07.20 03:05:37.841,1.29695,1.29717,1.44,2.25
2012.07.20 03:05:38.227,1.29695,1.29715,1.44,1.50
2012.07.20 03:05:38.837,1.29695,1.29716,1.44,1.50
2012.07.20 03:05:39.411,1.29695,1.29719,1.44,2.25
2012.07.20 03:05:40.850,1.29695,1.29718,1.44,1.50
2012.07.20 03:05:41.238,1.29692,1.29719,1.44,2.25
2012.07.20 03:05:41.360,1.29688,1.29717,1.44,2.25
2012.07.20 03:05:41.484,1.29684,1.29712,1.44,1.13
2012.07.20 03:05:41.723,1.29681,1.29712,1.44,1.13
2012.07.20 03:05:41.962,1.29681,1.29711,1.44,1.13
2012.07.20 03:05:42.318,1.29682,1.2971,1.44,2.25
2012.07.20 03:05:42.440,1.29682,1.29712,1.44,1.13
2012.07.20 03:05:42.504,1.29674,1.29711,1.50,2.25
2012.07.20 03:05:42.625,1.29682,1.29711,1.44,2.25
2012.07.20 03:05:43.948,1.29687,1.29718,1.44,2.25
2012.07.20 03:05:44.306,1.29687,1.2972,1.44,2.07
2012.07.20 03:05:44.429,1.29688,1.29722,2.19,2.07
2012.07.20 03:05:44.943,1.29691,1.29722,1.50,2.07
2012.07.20 03:05:45.240,1.29689,1.29724,1.50,2.25
2012.07.20 03:05:45.474,1.29689,1.29724,1.50,2.25
2012.07.20 03:05:46.007,1.29687,1.29723,2.19,1.50
2012.07.20 03:05:46.070,1.29687,1.29721,2.19,1.50
2012.07.20 03:05:46.470,1.29684,1.29714,1.44,1.88
2012.07.20 03:05:48.719,1.29684,1.29712,1.44,1.13
2012.07.20 03:05:49.489,1.29684,1.29711,1.44,1.13
2012.07.20 03:05:51.651,1.29684,1.29712,1.44,1.13
2012.07.20 03:05:57.618,1.29684,1.29711,1.44,1.13
2012.07.20 03:05:57.970,1.29681,1.29713,1.44,2.25
2012.07.20 03:05:58.217,1.29687,1.29715,1.44,2.25
2012.07.20 03:05:58.539,1.29687,1.29718,1.44,1.13
2012.07.20 03:05:58.893,1.29687,1.29718,1.44,2.25
2012.07.20 03:05:59.608,1.29687,1.29718,1.44,2.25
2012.07.20 03:06:00.106,1.29684,1.29712,1.44,1.13
2012.07.20 03:06:01.276,1.29684,1.2971,1.44,2.25
2012.07.20 03:06:05.309,1.29683,1.2971,1.44,2.25
2012.07.20 03:06:05.821,1.29683,1.2971,1.44,2.25
2012.07.20 03:06:11.761,1.29683,1.29706,1.44,1.50
2012.07.20 03:06:12.151,1.29683,1.29704,1.44,1.50
2012.07.20 03:06:12.318,1.29683,1.29706,1.44,1.50
2012.07.20 03:06:12.438,1.29683,1.29709,1.44,1.50
2012.07.20 03:06:12.986,1.29683,1.29713,1.44,1.50
2012.07.20 03:06:17.070,1.29687,1.29717,1.44,1.49
2012.07.20 03:06:18.051,1.29684,1.29717,1.44,1.49
2012.07.20 03:06:18.989,1.29684,1.29713,1.44,2.25
2012.07.20 03:06:19.620,1.29684,1.29717,1.44,1.49
2012.07.20 03:06:20.129,1.29684,1.29713,1.44,1.50
2012.07.20 03:06:20.194,1.29684,1.29715,1.44,2.25
2012.07.20 03:06:21.041,1.29679,1.29714,1.44,1.49
2012.07.20 03:06:21.626,1.29679,1.29714,1.44,1.49
2012.07.20 03:06:24.679,1.29679,1.29713,1.44,1.05
2012.07.20 03:06:25.034,1.2968,1.29712,1.44,1.20
2012.07.20 03:06:25.565,1.29687,1.29716,1.44,2.21
2012.07.20 03:06:26.108,1.29687,1.29716,1.44,2.06
2012.07.20 03:06:26.916,1.29687,1.29712,1.44,1.50
2012.07.20 03:06:27.451,1.29687,1.29712,1.44,1.50
2012.07.20 03:06:37.686,1.29688,1.29716,1.44,1.50
2012.07.20 03:06:37.808,1.29687,1.29715,1.44,2.25
2012.07.20 03:06:38.853,1.29685,1.29709,1.44,1.13
2012.07.20 03:06:39.383,1.29685,1.29718,1.44,2.24
2012.07.20 03:06:41.385,1.29687,1.29716,1.44,1.35
2012.07.20 03:06:42.177,1.29687,1.29716,1.44,1.35
2012.07.20 03:06:43.104,1.29687,1.29716,1.44,1.35
2012.07.20 03:06:44.476,1.29687,1.29716,1.44,1.35
2012.07.20 03:06:45.280,1.29687,1.29713,1.44,1.50
2012.07.20 03:06:46.970,1.29687,1.29716,1.44,1.35
2012.07.20 03:06:50.308,1.29687,1.29714,1.44,1.13
2012.07.20 03:06:50.818,1.29684,1.29714,1.44,2.63
2012.07.20 03:06:51.471,1.29686,1.29714,1.44,1.13
2012.07.20 03:06:52.000,1.29686,1.29714,1.44,1.13
2012.07.20 03:06:52.502,1.29686,1.29716,1.44,1.35
2012.07.20 03:06:53.918,1.29686,1.29718,1.44,1.05
2012.07.20 03:06:53.985,1.29686,1.29719,1.44,2.84
2012.07.20 03:06:54.339,1.29687,1.29716,1.44,2.25
2012.07.20 03:06:54.691,1.29686,1.29719,1.44,2.62
2012.07.20 03:06:54.961,1.29686,1.29708,1.44,1.50
2012.07.20 03:06:55.491,1.29684,1.29707,1.44,1.35
2012.07.20 03:06:55.614,1.29684,1.29707,1.44,1.35
2012.07.20 03:06:55.737,1.29684,1.29711,1.44,1.05
2012.07.20 03:06:56.263,1.29687,1.29713,1.44,1.50
2012.07.20 03:06:56.781,1.29686,1.29713,1.44,1.50
2012.07.20 03:06:57.304,1.29686,1.29718,1.44,2.25
2012.07.20 03:06:58.313,1.29686,1.29714,1.44,1.50
2012.07.20 03:06:58.857,1.29686,1.29718,1.44,1.50
2012.07.20 03:06:59.363,1.29676,1.29714,1.50,1.50
2012.07.20 03:06:59.426,1.29676,1.29714,1.50,1.50
2012.07.20 03:07:01.066,1.29683,1.29722,1.50,2.24
2012.07.20 03:07:01.299,1.29683,1.29723,1.50,1.50
2012.07.20 03:07:01.731,1.29683,1.29722,1.50,2.25
2012.07.20 03:07:02.647,1.29688,1.29725,1.50,2.25
2012.07.20 03:07:03.329,1.29676,1.29719,1.50,1.50
2012.07.20 03:07:03.397,1.2968,1.29719,2.25,1.50
2012.07.20 03:07:05.920,1.29674,1.29721,2.70,2.25
2012.07.20 03:07:06.157,1.29678,1.29718,2.25,1.50
2012.07.20 03:07:06.811,1.29679,1.29718,2.25,1.50
2012.07.20 03:07:09.746,1.29681,1.29723,1.50,1.50
2012.07.20 03:07:10.075,1.2968,1.29723,2.25,2.25
2012.07.20 03:07:10.577,1.29678,1.29716,1.50,1.49
2012.07.20 03:07:10.929,1.29678,1.29716,1.50,1.49
2012.07.20 03:07:11.241,1.29674,1.2971,1.44,1.49
2012.07.20 03:07:11.878,1.29675,1.29714,1.50,2.24
2012.07.20 03:07:13.217,1.29675,1.29712,1.50,1.50
2012.07.20 03:07:15.381,1.29672,1.29708,2.25,1.50
2012.07.20 03:07:15.721,1.29672,1.29711,2.25,1.49
2012.07.20 03:07:36.934,1.29671,1.29709,1.81,2.99
2012.07.20 03:07:37.056,1.29676,1.29709,1.50,1.50
2012.07.20 03:07:37.208,1.29676,1.29711,1.50,2.25
2012.07.20 03:07:41.760,1.29676,1.2971,1.50,1.50
2012.07.20 03:07:44.445,1.29676,1.29712,1.50,2.85
2012.07.20 03:07:44.708,1.2967,1.2971,2.56,2.25
2012.07.20 03:07:44.772,1.2967,1.2971,1.88,2.25
2012.07.20 03:07:45.063,1.29676,1.2971,1.50,1.50
2012.07.20 03:07:45.127,1.29676,1.29711,1.50,1.50
2012.07.20 03:07:45.306,1.2967,1.29708,1.81,2.24
2012.07.20 03:07:45.543,1.29676,1.29709,1.50,1.50
2012.07.20 03:07:45.608,1.29676,1.29712,1.50,2.09
2012.07.20 03:07:46.970,1.29676,1.29712,1.50,2.09
2012.07.20 03:07:47.036,1.2967,1.29709,1.13,2.24
2012.07.20 03:07:47.747,1.29676,1.29712,1.50,1.35
2012.07.20 03:07:48.105,1.2967,1.29706,1.81,1.49
2012.07.20 03:07:48.230,1.29676,1.29711,1.50,1.49
2012.07.20 03:07:48.295,1.29676,1.29711,1.50,1.49
2012.07.20 03:07:48.651,1.29674,1.29709,2.25,1.49
2012.07.20 03:07:49.118,1.29671,1.29709,1.50,1.87
2012.07.20 03:07:49.241,1.29671,1.29709,2.25,1.13
2012.07.20 03:07:49.306,1.29671,1.29709,2.25,1.13
2012.07.20 03:07:49.438,1.29671,1.29713,2.25,2.07
2012.07.20 03:07:49.502,1.29672,1.29713,1.50,2.07
2012.07.20 03:07:49.932,1.29678,1.29713,1.50,3.57
2012.07.20 03:07:50.169,1.29673,1.29711,1.50,1.13
2012.07.20 03:07:50.522,1.2967,1.29706,2.94,1.49
2012.07.20 03:07:50.818,1.29671,1.29706,2.25,1.49
2012.07.20 03:07:50.939,1.29671,1.29708,2.25,1.49
2012.07.20 03:07:51.117,1.29678,1.29712,1.50,1.49
2012.07.20 03:07:51.238,1.2967,1.29709,1.81,1.49
2012.07.20 03:07:51.595,1.29669,1.29705,2.70,1.49
2012.07.20 03:07:52.666,1.29669,1.29704,2.70,1.13
2012.07.20 03:07:52.735,1.2967,1.29708,1.50,1.49
2012.07.20 03:07:53.089,1.2967,1.29708,1.20,1.49
2012.07.20 03:07:53.394,1.2967,1.29703,1.20,1.49
2012.07.20 03:07:54.730,1.29669,1.29707,1.20,1.49
2012.07.20 03:07:54.911,1.29674,1.29707,2.25,1.49
2012.07.20 03:07:56.437,1.29668,1.29707,1.81,1.49
2012.07.20 03:07:56.561,1.29673,1.29701,2.25,1.49
2012.07.20 03:07:56.743,1.29673,1.297,2.25,1.49
2012.07.20 03:07:57.457,1.2967,1.297,1.20,1.49
2012.07.20 03:07:58.303,1.29669,1.29704,1.44,1.49
2012.07.20 03:07:58.425,1.29669,1.29703,1.44,1.49
2012.07.20 03:07:59.502,1.29672,1.29704,1.50,1.12
2012.07.20 03:07:59.730,1.29672,1.29704,1.50,1.13
2012.07.20 03:08:00.084,1.29668,1.29705,1.81,1.49
2012.07.20 03:08:00.208,1.29668,1.29705,1.81,1.49
2012.07.20 03:08:00.503,1.29669,1.29709,1.44,2.24
2012.07.20 03:08:00.914,1.29668,1.29705,1.81,2.99
2012.07.20 03:08:01.174,1.29669,1.29705,1.44,2.99
2012.07.20 03:08:01.238,1.29669,1.29705,1.44,2.99
2012.07.20 03:08:01.742,1.29668,1.29708,1.81,1.50
2012.07.20 03:08:01.923,1.29668,1.29704,1.81,1.49
2012.07.20 03:08:02.134,1.29669,1.29704,1.44,1.49
2012.07.20 03:08:02.714,1.29669,1.29705,1.44,2.25
2012.07.20 03:08:03.010,1.29671,1.29709,1.50,2.25
2012.07.20 03:08:03.444,1.29668,1.29709,1.81,3.74
2012.07.20 03:08:04.515,1.29669,1.29704,1.44,1.49
2012.07.20 03:08:04.577,1.29669,1.29704,1.44,1.49
2012.07.20 03:08:04.989,1.29668,1.29703,1.44,1.13
2012.07.20 03:08:08.519,1.29669,1.29703,1.44,2.25
2012.07.20 03:08:08.754,1.29669,1.29705,1.44,1.49
2012.07.20 03:08:11.484,1.29668,1.29705,1.44,1.49
2012.07.20 03:08:11.801,1.29668,1.29705,1.44,1.35
2012.07.20 03:08:13.859,1.29669,1.29703,1.44,1.50
2012.07.20 03:08:13.933,1.29669,1.29706,1.44,1.05
2012.07.20 03:08:14.230,1.29669,1.29703,1.44,1.50
2012.07.20 03:08:14.910,1.29669,1.29708,1.44,1.50
2012.07.20 03:08:16.792,1.29669,1.2971,1.44,2.25
2012.07.20 03:08:20.705,1.29674,1.29713,1.50,1.13
2012.07.20 03:08:20.771,1.29674,1.29714,1.50,1.50
2012.07.20 03:08:21.866,1.2967,1.29711,1.20,2.25
2012.07.20 03:08:22.197,1.29669,1.29706,1.44,2.25
2012.07.20 03:08:22.541,1.29668,1.29704,1.44,1.13
2012.07.20 03:08:22.662,1.2967,1.29704,2.25,1.13
2012.07.20 03:08:22.783,1.2967,1.29704,2.25,1.13
2012.07.20 03:08:22.904,1.2967,1.29708,2.25,1.50
2012.07.20 03:08:23.286,1.2967,1.2971,2.25,1.35
2012.07.20 03:08:23.813,1.2967,1.29709,1.50,1.50
2012.07.20 03:08:24.162,1.2967,1.29707,1.50,2.25
2012.07.20 03:08:25.815,1.29673,1.2971,1.50,1.50
2012.07.20 03:08:26.169,1.29672,1.29708,1.50,1.50
2012.07.20 03:08:26.641,1.29679,1.29711,1.50,2.10
2012.07.20 03:08:26.713,1.29666,1.29704,2.19,1.50
2012.07.20 03:08:26.952,1.29666,1.29704,1.44,1.50
2012.07.20 03:08:27.191,1.29669,1.29708,1.44,1.87
2012.07.20 03:08:27.487,1.29681,1.29712,2.25,2.32
2012.07.20 03:08:27.842,1.29687,1.29711,1.50,1.50
2012.07.20 03:08:28.198,1.29695,1.29712,1.50,1.13
2012.07.20 03:08:28.553,1.29698,1.29722,1.50,1.50
2012.07.20 03:08:28.617,1.29698,1.29722,1.50,1.13
2012.07.20 03:08:28.912,1.29695,1.29726,1.50,1.50
2012.07.20 03:08:28.975,1.29695,1.29727,1.50,3.75
2012.07.20 03:08:29.255,1.29688,1.29726,1.50,1.50
2012.07.20 03:08:29.827,1.29685,1.29727,1.50,3.00
2012.07.20 03:08:29.950,1.29688,1.29727,1.50,2.25
2012.07.20 03:08:30.015,1.29689,1.29728,2.25,1.50
2012.07.20 03:08:31.175,1.29693,1.29733,2.25,2.25
2012.07.20 03:08:31.638,1.29693,1.29733,1.50,2.25
2012.07.20 03:08:31.995,1.29697,1.29735,2.25,1.32
2012.07.20 03:08:32.239,1.29696,1.29733,1.50,1.50
2012.07.20 03:08:32.363,1.29693,1.29729,1.35,1.50
2012.07.20 03:08:32.427,1.29693,1.29729,1.35,1.50
2012.07.20 03:08:32.955,1.29693,1.29726,1.35,1.50
2012.07.20 03:08:33.441,1.29693,1.29726,1.05,1.50
2012.07.20 03:08:33.677,1.29689,1.29729,1.50,1.50
2012.07.20 03:08:35.199,1.29684,1.29728,2.25,1.50
2012.07.20 03:08:36.409,1.29682,1.29725,2.56,2.25
2012.07.20 03:08:37.181,1.29685,1.29721,1.50,1.50
2012.07.20 03:08:37.686,1.29685,1.29721,1.50,1.50
2012.07.20 03:08:37.851,1.29685,1.29723,1.50,1.50
2012.07.20 03:08:38.152,1.29685,1.29721,1.50,1.50
2012.07.20 03:08:38.389,1.29689,1.29726,1.50,1.50
2012.07.20 03:08:39.590,1.29689,1.29728,1.50,1.50
2012.07.20 03:08:39.659,1.29689,1.29726,3.00,1.50
2012.07.20 03:08:40.126,1.29689,1.29729,1.50,3.00
2012.07.20 03:08:41.952,1.2969,1.29728,2.25,1.50
2012.07.20 03:08:42.131,1.29689,1.29728,2.25,1.50
2012.07.20 03:08:45.519,1.29687,1.29724,2.25,1.13
2012.07.20 03:08:45.756,1.29679,1.29718,3.00,1.50
2012.07.20 03:08:46.055,1.29682,1.29723,3.00,1.50
2012.07.20 03:08:46.177,1.29682,1.2972,2.25,1.50
2012.07.20 03:08:46.738,1.29682,1.29717,1.50,1.50
2012.07.20 03:08:46.918,1.29682,1.29718,1.50,1.50
2012.07.20 03:08:47.387,1.29678,1.29716,1.50,1.50
2012.07.20 03:08:47.681,1.29678,1.29718,1.50,1.50
2012.07.20 03:08:48.039,1.29684,1.29723,2.25,2.25
2012.07.20 03:08:48.103,1.29687,1.29723,1.50,2.25
2012.07.20 03:08:48.773,1.29682,1.29719,1.50,2.25
2012.07.20 03:08:49.462,1.2968,1.29719,1.50,2.25
2012.07.20 03:08:49.811,1.29679,1.29714,1.50,2.25
2012.07.20 03:08:49.932,1.29679,1.29714,1.50,1.50
2012.07.20 03:08:49.997,1.29679,1.29718,1.50,3.00
2012.07.20 03:08:50.362,1.29679,1.29717,1.50,1.50
2012.07.20 03:08:50.821,1.29679,1.29718,1.50,1.50
2012.07.20 03:08:51.918,1.29682,1.29718,1.50,1.50
2012.07.20 03:08:52.846,1.29682,1.29722,2.25,1.50
2012.07.20 03:08:53.745,1.2968,1.29718,2.25,1.50
2012.07.20 03:08:54.247,1.29681,1.29719,1.50,1.50
2012.07.20 03:08:55.925,1.29681,1.29719,2.25,1.50
2012.07.20 03:08:56.501,1.29681,1.29723,2.25,2.25
2012.07.20 03:08:57.882,1.29682,1.2972,1.50,1.50
2012.07.20 03:08:58.753,1.29686,1.29723,2.25,1.50
2012.07.20 03:09:00.106,1.29686,1.29726,2.25,1.50
2012.07.20 03:09:01.982,1.29686,1.2973,2.25,2.25
2012.07.20 03:09:02.104,1.29686,1.2973,3.75,2.25
2012.07.20 03:09:02.456,1.2969,1.29732,2.25,1.50
2012.07.20 03:09:03.103,1.2969,1.29727,1.50,1.50
2012.07.20 03:09:03.415,1.2969,1.2973,1.50,1.50
2012.07.20 03:09:03.652,1.29688,1.29727,1.50,1.50
2012.07.20 03:09:03.890,1.29683,1.29723,1.50,1.50
2012.07.20 03:09:04.184,1.2968,1.29721,2.19,1.50
2012.07.20 03:09:04.984,1.29681,1.29723,1.50,2.25
2012.07.20 03:09:06.022,1.29681,1.29723,2.25,1.50
2012.07.20 03:09:06.213,1.29681,1.29722,2.25,1.50
2012.07.20 03:09:07.259,1.29681,1.29716,2.25,1.50
2012.07.20 03:09:15.060,1.29681,1.29719,1.50,1.50
2012.07.20 03:09:17.109,1.29682,1.29718,1.50,1.50
2012.07.20 03:09:17.290,1.2968,1.29714,1.50,1.50
2012.07.20 03:09:17.410,1.29676,1.29714,2.25,1.50
2012.07.20 03:09:17.474,1.29676,1.29717,3.00,1.50
2012.07.20 03:09:17.711,1.29682,1.29717,1.50,1.50
2012.07.20 03:09:17.775,1.29682,1.29718,1.50,1.50
2012.07.20 03:09:18.039,1.2968,1.29718,2.25,1.50
2012.07.20 03:09:20.268,1.29676,1.29718,2.25,2.85
2012.07.20 03:09:20.828,1.29679,1.29713,2.25,1.50
2012.07.20 03:09:21.011,1.29676,1.29713,3.00,1.50
2012.07.20 03:09:21.290,1.29676,1.29713,3.00,1.50
2012.07.20 03:09:22.229,1.29688,1.29718,2.25,1.50
2012.07.20 03:09:22.525,1.29685,1.29718,2.25,1.50
2012.07.20 03:09:22.589,1.29683,1.29719,2.25,2.25
2012.07.20 03:09:22.654,1.29688,1.29724,2.25,1.50
2012.07.20 03:09:23.232,1.29693,1.29727,1.50,1.50
2012.07.20 03:09:23.502,1.29693,1.29723,2.25,1.50
2012.07.20 03:09:24.162,1.29693,1.29723,1.50,1.50
2012.07.20 03:09:24.341,1.29683,1.29727,3.75,3.00
2012.07.20 03:09:28.772,1.29686,1.29727,2.25,1.50
2012.07.20 03:09:29.006,1.29691,1.29727,1.50,1.50
2012.07.20 03:09:29.790,1.29691,1.29727,2.25,1.50
2012.07.20 03:09:30.297,1.29687,1.29727,1.50,1.50
2012.07.20 03:09:30.591,1.29687,1.29727,1.50,1.50
2012.07.20 03:09:31.128,1.29682,1.29727,1.50,1.50
2012.07.20 03:09:31.695,1.29688,1.29724,1.50,1.50
2012.07.20 03:09:31.768,1.29683,1.29727,2.25,1.50
2012.07.20 03:09:32.345,1.29687,1.29727,1.50,1.50
2012.07.20 03:09:32.942,1.29683,1.29727,2.25,3.00
2012.07.20 03:09:35.397,1.29688,1.29724,1.50,1.50
2012.07.20 03:09:36.058,1.29688,1.29727,1.50,1.50
2012.07.20 03:09:36.382,1.29688,1.29724,1.50,1.50
2012.07.20 03:09:36.562,1.29681,1.29724,2.25,1.50
2012.07.20 03:09:36.799,1.29681,1.29719,2.25,1.50
2012.07.20 03:09:40.058,1.29681,1.29723,2.25,2.63
2012.07.20 03:09:40.685,1.29686,1.29723,1.50,2.63
2012.07.20 03:09:41.135,1.29682,1.29723,2.25,2.63
2012.07.20 03:09:57.363,1.29682,1.29719,1.50,1.50
2012.07.20 03:09:57.784,1.29682,1.29722,2.25,1.50
2012.07.20 03:10:08.812,1.2968,1.29719,1.50,1.50
2012.07.20 03:10:09.181,1.29682,1.2972,1.50,1.50
2012.07.20 03:10:09.533,1.29684,1.29717,2.25,1.50
2012.07.20 03:10:09.888,1.29686,1.29723,2.25,1.50
2012.07.20 03:10:09.951,1.29687,1.29723,1.13,1.50
2012.07.20 03:10:10.404,1.29687,1.29723,1.13,1.50
2012.07.20 03:10:11.625,1.29687,1.29724,1.13,1.50
2012.07.20 03:10:12.037,1.29693,1.29724,1.50,1.50
2012.07.20 03:10:12.273,1.29688,1.29724,1.50,1.50
2012.07.20 03:10:12.846,1.29685,1.29724,3.00,1.50
2012.07.20 03:10:15.496,1.29689,1.29726,1.50,1.50
2012.07.20 03:10:16.275,1.29691,1.29726,1.50,1.50
2012.07.20 03:10:16.514,1.2969,1.29729,2.25,2.25
2012.07.20 03:10:19.514,1.29687,1.29727,1.50,1.50
2012.07.20 03:10:19.926,1.29681,1.29723,1.50,2.25
2012.07.20 03:10:20.106,1.29683,1.29716,1.50,1.50
2012.07.20 03:10:20.287,1.29683,1.29718,2.25,1.50
2012.07.20 03:10:20.645,1.29682,1.29719,2.25,1.50
2012.07.20 03:10:22.740,1.29684,1.29719,2.25,1.50
2012.07.20 03:10:23.146,1.29684,1.29724,2.25,1.50
2012.07.20 03:10:33.251,1.29687,1.29726,2.25,1.50
2012.07.20 03:10:38.412,1.29687,1.29726,2.25,1.50
2012.07.20 03:10:38.945,1.29686,1.29724,2.25,1.50
2012.07.20 03:10:39.286,1.29683,1.29723,3.00,1.50
2012.07.20 03:10:39.775,1.29684,1.29723,2.25,1.50
2012.07.20 03:10:43.405,1.2969,1.29727,1.50,1.50
2012.07.20 03:10:44.057,1.29685,1.29724,2.25,1.50
2012.07.20 03:10:44.671,1.29685,1.29723,2.25,1.50
2012.07.20 03:10:47.158,1.29685,1.2972,2.25,1.50
2012.07.20 03:10:47.455,1.29685,1.29726,2.25,1.50
2012.07.20 03:10:47.518,1.29685,1.29721,2.25,1.50
2012.07.20 03:10:47.756,1.29684,1.29719,2.25,1.50
2012.07.20 03:10:48.430,1.29689,1.29721,1.50,1.50
2012.07.20 03:10:53.306,1.29692,1.29721,1.50,1.50
2012.07.20 03:10:54.543,1.29688,1.29721,2.25,1.50
2012.07.20 03:11:00.788,1.29683,1.29726,3.00,1.50
2012.07.20 03:11:01.023,1.29686,1.29726,3.00,1.50
2012.07.20 03:11:01.202,1.29689,1.29729,1.35,1.50
2012.07.20 03:11:01.501,1.29692,1.29729,2.25,1.50
2012.07.20 03:11:01.737,1.29692,1.29728,2.25,1.50
2012.07.20 03:11:03.315,1.29692,1.29728,2.25,1.50
2012.07.20 03:11:05.113,1.29687,1.29726,3.00,1.50
2012.07.20 03:11:05.681,1.29689,1.29729,1.50,1.50
2012.07.20 03:11:08.215,1.29689,1.29729,1.50,1.50
2012.07.20 03:11:11.019,1.29685,1.29726,2.25,1.50
2012.07.20 03:11:11.432,1.29685,1.2972,2.25,1.50
2012.07.20 03:11:12.057,1.29686,1.2972,1.50,1.50
2012.07.20 03:11:13.292,1.29686,1.29731,3.00,2.25
2012.07.20 03:11:13.361,1.29689,1.29732,2.25,1.13
2012.07.20 03:11:15.527,1.2969,1.29733,1.50,1.50
2012.07.20 03:11:17.009,1.29698,1.29733,1.50,1.50
2012.07.20 03:11:17.130,1.29695,1.29733,2.25,1.50
2012.07.20 03:11:17.413,1.29695,1.29733,2.25,1.50
2012.07.20 03:11:18.753,1.29695,1.29735,2.25,1.32
2012.07.20 03:11:19.306,1.29695,1.29733,2.25,1.50
2012.07.20 03:11:19.484,1.29695,1.2973,2.25,1.50
2012.07.20 03:11:20.028,1.29692,1.2973,1.50,1.50
2012.07.20 03:11:20.264,1.29692,1.2973,1.50,1.50
2012.07.20 03:11:20.385,1.29692,1.29733,1.50,1.50
2012.07.20 03:11:23.022,1.29695,1.29735,2.25,1.32
2012.07.20 03:11:36.555,1.29697,1.29735,1.50,3.00
2012.07.20 03:11:36.675,1.29697,1.29735,1.50,3.00
2012.07.20 03:11:36.856,1.29697,1.29734,1.50,2.25
2012.07.20 03:11:36.978,1.29697,1.29727,1.50,1.50
2012.07.20 03:11:37.043,1.29694,1.29729,1.50,1.50
2012.07.20 03:11:37.184,1.29694,1.29731,1.50,1.50
2012.07.20 03:11:37.248,1.29694,1.29728,1.50,1.50
2012.07.20 03:11:37.313,1.29692,1.29728,1.50,1.50
2012.07.20 03:11:37.376,1.29692,1.29728,1.50,1.50
2012.07.20 03:11:37.558,1.29696,1.29732,1.50,2.07
2012.07.20 03:11:37.679,1.29693,1.29729,1.50,1.50
2012.07.20 03:11:38.032,1.29689,1.2972,1.50,1.50
2012.07.20 03:11:38.249,1.29689,1.29722,1.50,1.50
2012.07.20 03:11:38.369,1.29692,1.29724,1.50,1.50
2012.07.20 03:11:38.490,1.29692,1.29726,1.50,1.50
2012.07.20 03:11:38.611,1.29692,1.29724,1.50,1.50
2012.07.20 03:11:38.867,1.2969,1.29724,1.50,2.25
2012.07.20 03:11:40.789,1.2968,1.29724,3.31,3.00
2012.07.20 03:11:40.976,1.29684,1.2972,1.50,2.25
2012.07.20 03:11:41.100,1.29684,1.2972,1.50,2.25
2012.07.20 03:11:43.231,1.29681,1.2972,1.50,2.25
2012.07.20 03:11:43.545,1.2968,1.2972,1.81,2.25
2012.07.20 03:11:46.131,1.29684,1.29723,1.50,1.50
2012.07.20 03:11:46.254,1.29684,1.29725,1.50,2.25
2012.07.20 03:11:48.090,1.29684,1.29725,1.50,2.25
2012.07.20 03:11:48.478,1.29681,1.29725,2.25,2.25
2012.07.20 03:11:49.362,1.29678,1.29724,3.00,2.25
2012.07.20 03:11:50.200,1.29678,1.29722,2.25,2.25
2012.07.20 03:11:50.265,1.29681,1.2972,1.50,1.50
2012.07.20 03:11:52.129,1.29681,1.29719,1.50,2.63
2012.07.20 03:11:52.420,1.29678,1.29719,1.50,2.25
2012.07.20 03:11:54.462,1.29678,1.29721,1.50,2.85
2012.07.20 03:11:54.527,1.29678,1.29721,1.50,2.85
2012.07.20 03:11:58.209,1.29686,1.29718,1.50,1.50
2012.07.20 03:11:58.331,1.29686,1.29721,1.50,1.50
2012.07.20 03:11:58.456,1.29686,1.29725,1.50,3.00
2012.07.20 03:11:58.520,1.29683,1.29724,1.50,1.50
2012.07.20 03:11:58.641,1.29679,1.29722,2.25,2.25
2012.07.20 03:11:59.195,1.29676,1.29716,1.50,1.50
2012.07.20 03:11:59.744,1.29676,1.2972,1.50,2.25
2012.07.20 03:12:00.491,1.29683,1.2972,1.50,1.50
2012.07.20 03:12:00.669,1.29683,1.29723,1.50,1.50
2012.07.20 03:12:06.197,1.29683,1.29724,1.50,2.25
2012.07.20 03:12:13.738,1.29689,1.29724,1.50,1.50
2012.07.20 03:12:13.803,1.29689,1.29727,1.50,1.50
2012.07.20 03:12:13.932,1.29684,1.29727,1.50,2.25
2012.07.20 03:12:15.125,1.29682,1.29723,1.50,1.50
2012.07.20 03:12:15.444,1.29681,1.29723,1.50,2.25
2012.07.20 03:12:16.317,1.29681,1.29718,1.50,2.25
2012.07.20 03:12:17.479,1.29682,1.29724,1.50,2.25
2012.07.20 03:12:20.965,1.29682,1.29714,1.50,1.50
2012.07.20 03:12:22.723,1.29682,1.29716,1.50,2.25
2012.07.20 03:12:25.807,1.29683,1.29726,1.50,2.25
2012.07.20 03:12:26.137,1.29691,1.29726,1.50,1.50
2012.07.20 03:12:26.659,1.29691,1.29727,1.50,2.25
2012.07.20 03:12:26.724,1.29686,1.29727,1.50,2.25
2012.07.20 03:12:29.234,1.2969,1.29729,1.50,2.25
2012.07.20 03:12:29.709,1.2969,1.29724,1.50,1.50
2012.07.20 03:12:30.245,1.2969,1.29723,1.50,1.50
2012.07.20 03:12:30.777,1.29687,1.29723,1.50,2.25
2012.07.20 03:12:33.506,1.2969,1.29723,1.50,1.50
2012.07.20 03:12:33.741,1.2969,1.2973,1.50,2.25
2012.07.20 03:12:33.804,1.29684,1.29727,1.50,3.00
2012.07.20 03:12:34.699,1.29681,1.2972,1.50,2.25
2012.07.20 03:12:35.790,1.29683,1.29721,1.50,1.35
2012.07.20 03:12:36.712,1.29684,1.29723,1.50,1.50
2012.07.20 03:12:37.127,1.29682,1.29726,1.50,2.25
2012.07.20 03:12:37.479,1.29681,1.29725,2.25,2.25
2012.07.20 03:12:37.543,1.29679,1.29718,1.50,1.50
2012.07.20 03:12:38.291,1.29681,1.2972,1.50,2.25
2012.07.20 03:12:38.472,1.2968,1.29718,1.50,2.25
2012.07.20 03:12:39.054,1.29684,1.29723,1.50,1.50
2012.07.20 03:12:40.227,1.29679,1.29723,1.50,2.25
2012.07.20 03:12:40.580,1.29682,1.29726,2.25,1.49
2012.07.20 03:12:45.418,1.29678,1.29718,1.50,1.50
2012.07.20 03:12:45.488,1.29682,1.29718,1.50,2.25
2012.07.20 03:12:45.918,1.29684,1.29713,1.50,2.25
2012.07.20 03:12:56.685,1.29686,1.29718,1.50,2.25
2012.07.20 03:13:23.787,1.29681,1.29719,1.50,2.25
2012.07.20 03:13:24.347,1.29687,1.29719,1.50,2.25
2012.07.20 03:13:31.180,1.29679,1.2972,1.50,2.25
2012.07.20 03:13:31.994,1.29679,1.2972,1.50,2.25
2012.07.20 03:13:32.179,1.29679,1.2972,1.50,2.25
2012.07.20 03:13:38.254,1.29682,1.29724,1.50,2.25
2012.07.20 03:13:38.659,1.29682,1.29724,1.50,2.25
2012.07.20 03:13:53.763,1.2968,1.29726,1.50,2.25
2012.07.20 03:13:57.726,1.29679,1.29726,2.25,2.25
2012.07.20 03:13:57.849,1.29679,1.29719,1.50,1.50
2012.07.20 03:13:58.140,1.29679,1.29719,1.50,1.50
2012.07.20 03:13:58.375,1.29679,1.29719,1.50,1.50
2012.07.20 03:13:59.026,1.29675,1.29718,3.00,3.00
2012.07.20 03:14:05.840,1.29675,1.29718,1.50,2.25
2012.07.20 03:14:09.977,1.29679,1.29718,1.50,1.50
2012.07.20 03:14:10.322,1.29677,1.29719,2.25,1.50
2012.07.20 03:14:16.674,1.29675,1.29718,1.50,2.25
2012.07.20 03:14:16.886,1.29679,1.29722,1.50,2.25
2012.07.20 03:14:17.123,1.2968,1.29723,2.25,1.50
2012.07.20 03:14:17.244,1.29687,1.29723,1.50,1.50
2012.07.20 03:14:17.537,1.29686,1.29724,1.50,1.50
2012.07.20 03:14:17.842,1.29686,1.29725,1.50,1.50
2012.07.20 03:14:18.412,1.29686,1.29726,1.50,2.25
2012.07.20 03:14:18.649,1.2968,1.29726,2.25,2.25
2012.07.20 03:14:19.280,1.29679,1.29722,1.50,2.25
2012.07.20 03:14:19.519,1.29682,1.29723,2.25,2.25
2012.07.20 03:14:19.756,1.29676,1.29721,1.50,2.25
2012.07.20 03:14:20.999,1.29679,1.29721,1.50,2.25
2012.07.20 03:14:21.294,1.29685,1.29721,1.50,1.50
2012.07.20 03:14:21.359,1.29685,1.29728,1.50,2.82
2012.07.20 03:14:21.423,1.29685,1.29722,1.50,1.50
2012.07.20 03:14:21.487,1.29685,1.29722,1.50,1.50
2012.07.20 03:14:21.552,1.29678,1.29724,3.00,2.25
2012.07.20 03:14:46.132,1.29674,1.29716,1.81,2.25
2012.07.20 03:14:46.368,1.29673,1.29711,1.81,2.25
2012.07.20 03:15:14.013,1.29668,1.2971,2.19,2.25
2012.07.20 03:15:14.083,1.29677,1.29713,1.50,3.00
2012.07.20 03:15:14.148,1.29685,1.29713,1.50,2.25
2012.07.20 03:15:17.250,1.29685,1.2971,1.50,1.50
2012.07.20 03:15:17.807,1.29677,1.29713,1.50,1.50
2012.07.20 03:15:20.011,1.29684,1.29713,1.50,1.50
2012.07.20 03:15:28.924,1.29684,1.29713,1.50,2.25
2012.07.20 03:15:40.266,1.29684,1.29716,1.50,2.25
2012.07.20 03:15:45.542,1.29684,1.29714,1.50,2.25
2012.07.20 03:15:48.587,1.29684,1.29711,1.50,2.25
2012.07.20 03:16:07.509,1.29683,1.29719,1.50,1.50
2012.07.20 03:16:17.480,1.29683,1.29719,1.50,2.25
2012.07.20 03:16:25.641,1.29683,1.29712,1.50,1.49
2012.07.20 03:16:25.995,1.29676,1.29714,2.25,2.99
2012.07.20 03:16:26.532,1.29673,1.29714,1.50,1.49
2012.07.20 03:16:30.196,1.29673,1.29714,1.50,1.49
2012.07.20 03:16:32.948,1.29677,1.29717,1.50,1.49
2012.07.20 03:16:33.490,1.29671,1.29712,1.50,2.25
2012.07.20 03:16:33.553,1.29671,1.29712,1.50,2.25
2012.07.20 03:16:34.146,1.29677,1.29708,1.50,2.63
2012.07.20 03:16:51.407,1.29669,1.29708,1.44,2.63
2012.07.20 03:17:03.360,1.29668,1.29704,1.44,2.25
2012.07.20 03:17:08.439,1.29668,1.29706,2.19,2.25
2012.07.20 03:17:23.369,1.29668,1.29705,1.44,2.25
2012.07.20 03:17:24.735,1.29671,1.29708,2.25,2.25
2012.07.20 03:17:25.028,1.29671,1.29708,2.25,2.25
2012.07.20 03:17:28.411,1.29676,1.29715,1.50,2.99
2012.07.20 03:17:29.457,1.29676,1.29715,1.50,2.99
2012.07.20 03:17:35.569,1.29676,1.29715,1.50,2.99
2012.07.20 03:17:54.708,1.29676,1.29715,1.50,2.25
2012.07.20 03:17:55.278,1.29675,1.29715,1.50,2.25
2012.07.20 03:17:57.206,1.29675,1.29715,1.50,2.25
2012.07.20 03:18:05.745,1.29679,1.29715,1.50,1.50
2012.07.20 03:18:05.923,1.2968,1.29715,1.50,1.50
2012.07.20 03:18:06.329,1.2968,1.29717,1.50,1.50
2012.07.20 03:18:07.076,1.2968,1.29719,1.50,2.25
2012.07.20 03:18:09.851,1.2968,1.29716,1.50,1.50
2012.07.20 03:18:13.578,1.2968,1.29717,1.50,1.50
2012.07.20 03:18:14.125,1.2968,1.2972,1.50,2.25
2012.07.20 03:18:15.239,1.29684,1.2972,1.50,1.50
2012.07.20 03:18:16.512,1.29684,1.2972,1.50,2.25
2012.07.20 03:18:16.633,1.29684,1.2972,1.50,1.50
2012.07.20 03:18:23.369,1.29684,1.29722,1.50,1.50
2012.07.20 03:18:23.431,1.29684,1.29725,1.50,3.00
2012.07.20 03:18:30.888,1.29686,1.29725,1.50,2.25
2012.07.20 03:18:31.066,1.2968,1.29724,1.50,1.50
2012.07.20 03:18:31.654,1.2968,1.29718,1.50,2.25
2012.07.20 03:18:31.963,1.29675,1.29718,1.32,2.25
2012.07.20 03:18:34.564,1.2967,1.29712,1.50,2.25
2012.07.20 03:18:34.861,1.29671,1.29713,1.50,2.99
2012.07.20 03:18:35.324,1.29679,1.29713,1.50,1.50
2012.07.20 03:18:35.388,1.29675,1.29713,1.50,1.50
2012.07.20 03:18:35.508,1.29675,1.29715,1.50,1.50
2012.07.20 03:18:42.633,1.29679,1.29717,1.50,2.25
2012.07.20 03:18:42.696,1.2968,1.29717,1.50,1.50
2012.07.20 03:18:42.931,1.2968,1.29721,1.50,2.25
2012.07.20 03:18:45.319,1.2968,1.2972,1.50,1.50
2012.07.20 03:18:51.250,1.29677,1.29716,1.50,2.25
2012.07.20 03:18:53.349,1.2968,1.29716,1.50,2.24
2012.07.20 03:18:53.528,1.2968,1.29718,1.50,1.50
2012.07.20 03:18:53.592,1.2968,1.29721,1.50,1.50
2012.07.20 03:18:55.263,1.2968,1.29719,1.50,1.49
2012.07.20 03:18:55.790,1.29679,1.29717,1.50,2.25
2012.07.20 03:18:58.945,1.29676,1.29715,2.25,2.25
2012.07.20 03:19:00.706,1.29679,1.29717,2.25,2.25
2012.07.20 03:19:00.886,1.29682,1.29722,1.50,1.50
2012.07.20 03:19:00.950,1.29685,1.29723,1.50,2.40
2012.07.20 03:19:01.205,1.29686,1.29723,1.50,1.50
2012.07.20 03:19:01.558,1.29687,1.29727,1.50,1.88
2012.07.20 03:19:01.776,1.29689,1.29727,1.50,1.13
2012.07.20 03:19:02.640,1.29685,1.29727,1.50,1.50
2012.07.20 03:19:02.761,1.29685,1.29724,1.50,1.50
2012.07.20 03:19:03.017,1.29685,1.29727,1.50,1.49
2012.07.20 03:19:03.203,1.29685,1.29727,1.50,2.24
2012.07.20 03:19:05.662,1.29685,1.29723,1.50,2.25
2012.07.20 03:19:06.068,1.29688,1.29723,1.50,1.50
2012.07.20 03:19:06.133,1.29682,1.29723,1.52,2.25
2012.07.20 03:19:06.197,1.29682,1.29723,1.52,2.25
2012.07.20 03:19:06.398,1.29682,1.29723,1.50,2.25
2012.07.20 03:19:06.634,1.29681,1.29716,1.50,1.50
2012.07.20 03:19:06.754,1.29681,1.29716,1.50,1.50
2012.07.20 03:19:08.348,1.29676,1.29716,1.52,2.25
2012.07.20 03:19:08.587,1.29681,1.29721,1.50,1.49
2012.07.20 03:19:08.708,1.29681,1.29716,1.50,1.50
2012.07.20 03:19:09.059,1.29676,1.29716,1.50,3.00
2012.07.20 03:19:09.582,1.29675,1.29712,1.50,2.25
2012.07.20 03:19:10.116,1.29675,1.29715,1.50,1.49
2012.07.20 03:19:11.201,1.29681,1.29719,1.50,1.50
2012.07.20 03:19:11.265,1.29681,1.29719,1.50,1.50
2012.07.20 03:19:11.618,1.29676,1.29719,2.25,1.49
2012.07.20 03:19:14.237,1.29675,1.29714,1.50,2.99
2012.07.20 03:19:17.033,1.29682,1.29718,1.50,1.49
2012.07.20 03:19:17.153,1.29682,1.29719,1.50,2.99
2012.07.20 03:19:17.971,1.29676,1.29718,1.50,2.25
2012.07.20 03:19:18.035,1.29675,1.29715,1.50,2.25
2012.07.20 03:19:18.389,1.29673,1.29708,1.50,1.50
2012.07.20 03:19:19.897,1.29673,1.2971,1.50,1.50
2012.07.20 03:19:19.960,1.29673,1.29712,1.50,1.50
2012.07.20 03:19:20.466,1.29679,1.29714,1.50,1.50
2012.07.20 03:19:20.588,1.29681,1.29718,1.50,2.25
2012.07.20 03:19:20.915,1.29676,1.29718,1.50,2.25
2012.07.20 03:19:21.266,1.29678,1.29718,1.50,2.25
2012.07.20 03:19:22.009,1.29678,1.29711,1.50,1.50
2012.07.20 03:19:24.035,1.29678,1.29711,1.50,1.50
2012.07.20 03:19:24.099,1.29685,1.29722,1.50,1.50
2012.07.20 03:19:24.656,1.29685,1.29722,1.50,2.25
2012.07.20 03:19:25.208,1.29681,1.29718,1.50,1.50
2012.07.20 03:19:25.272,1.29681,1.29715,1.50,1.50
2012.07.20 03:19:25.336,1.29677,1.29713,1.45,1.50
2012.07.20 03:19:26.423,1.29675,1.29713,1.52,1.50
2012.07.20 03:19:26.545,1.29669,1.29713,1.22,2.25
2012.07.20 03:19:26.780,1.2967,1.29712,1.20,1.50
2012.07.20 03:19:28.578,1.29674,1.29713,1.50,2.25
2012.07.20 03:19:28.715,1.29674,1.29713,2.25,2.25
2012.07.20 03:19:29.206,1.29675,1.29715,1.50,1.50
2012.07.20 03:19:32.693,1.29677,1.29717,1.50,2.25
2012.07.20 03:19:34.984,1.29675,1.29715,2.27,1.50
2012.07.20 03:19:38.956,1.29675,1.29714,1.50,2.25
2012.07.20 03:19:39.411,1.29676,1.29715,3.00,2.25
2012.07.20 03:19:42.136,1.29675,1.29715,2.27,1.50
2012.07.20 03:19:42.199,1.29675,1.29715,2.27,1.50
2012.07.20 03:19:42.768,1.29675,1.29714,1.50,2.25
2012.07.20 03:19:48.774,1.29675,1.29714,2.25,2.25
2012.07.20 03:19:48.973,1.29675,1.29714,1.50,2.25
2012.07.20 03:19:51.695,1.29668,1.29712,3.69,1.49
2012.07.20 03:19:51.817,1.29675,1.29714,1.50,2.25
2012.07.20 03:19:52.359,1.29671,1.29707,1.50,2.25
2012.07.20 03:19:56.432,1.29671,1.29709,1.50,2.24
2012.07.20 03:20:04.707,1.29669,1.29701,1.44,1.50
2012.07.20 03:20:04.939,1.29667,1.297,1.44,1.50
2012.07.20 03:20:05.058,1.29667,1.297,1.44,1.50
2012.07.20 03:20:05.581,1.29667,1.29701,1.44,1.50
2012.07.20 03:20:10.015,1.29667,1.29701,1.44,1.88
2012.07.20 03:20:13.147,1.29666,1.29701,1.44,1.50
2012.07.20 03:20:13.650,1.29664,1.297,2.94,1.50
2012.07.20 03:20:14.308,1.29666,1.29699,1.44,1.50
2012.07.20 03:20:24.056,1.29661,1.29695,1.44,1.13
2012.07.20 03:20:31.005,1.29661,1.29694,1.44,1.13
2012.07.20 03:20:31.948,1.29661,1.29693,1.44,1.13
2012.07.20 03:20:32.493,1.29666,1.29694,1.44,1.13
2012.07.20 03:20:34.193,1.29666,1.29694,1.44,1.13
2012.07.20 03:20:42.031,1.29666,1.29693,1.44,1.13
2012.07.20 03:20:43.588,1.29666,1.29694,1.44,1.13
2012.07.20 03:20:45.279,1.29666,1.29693,1.44,1.13
2012.07.20 03:20:50.209,1.29666,1.29693,1.44,1.13
2012.07.20 03:20:50.748,1.29666,1.29695,1.44,1.13
2012.07.20 03:20:51.260,1.29666,1.29694,1.44,1.13
2012.07.20 03:20:51.769,1.29666,1.29695,1.44,1.13
2012.07.20 03:20:56.739,1.29666,1.29695,1.44,1.13
2012.07.20 03:20:57.505,1.29668,1.29695,1.44,1.88
2012.07.20 03:20:57.625,1.29666,1.29695,1.44,1.88
2012.07.20 03:20:58.378,1.29666,1.29695,1.44,1.88
2012.07.20 03:21:00.306,1.29661,1.29694,1.44,1.13
2012.07.20 03:21:02.731,1.29662,1.29695,1.44,1.88
2012.07.20 03:21:10.434,1.29661,1.29695,1.44,1.88
2012.07.20 03:21:11.926,1.29661,1.29694,1.44,1.13
2012.07.20 03:21:17.543,1.29661,1.29694,2.19,1.13
2012.07.20 03:21:21.952,1.29661,1.29694,1.44,1.13
2012.07.20 03:21:29.921,1.29662,1.29694,1.44,1.13
2012.07.20 03:21:31.004,1.29662,1.29695,1.44,1.88
2012.07.20 03:21:31.525,1.2966,1.29694,1.44,1.13
2012.07.20 03:21:31.893,1.29661,1.29694,1.44,1.13
2012.07.20 03:21:32.127,1.29661,1.29695,1.44,1.88
2012.07.20 03:21:32.703,1.2966,1.29694,1.44,1.13
2012.07.20 03:21:33.598,1.2966,1.29694,1.44,1.13
2012.07.20 03:21:36.695,1.2966,1.29695,1.44,1.88
2012.07.20 03:21:37.319,1.2966,1.29695,1.44,1.88
2012.07.20 03:21:41.880,1.29667,1.29694,1.44,1.13
2012.07.20 03:21:42.339,1.29667,1.29698,1.44,1.13
2012.07.20 03:21:43.610,1.29668,1.29698,1.44,1.13
2012.07.20 03:21:44.727,1.29667,1.29698,1.44,1.13
2012.07.20 03:21:47.321,1.29661,1.29698,1.50,1.13
2012.07.20 03:21:47.478,1.2966,1.29698,2.25,1.13
2012.07.20 03:21:53.214,1.2966,1.29699,2.25,1.13
2012.07.20 03:21:53.449,1.29666,1.29701,1.50,2.24
2012.07.20 03:22:06.134,1.29666,1.29701,1.50,1.50
2012.07.20 03:22:06.671,1.29662,1.29696,3.00,1.88
2012.07.20 03:22:13.504,1.29662,1.29696,2.25,2.63
2012.07.20 03:22:13.567,1.29662,1.29696,2.25,2.63
2012.07.20 03:22:13.629,1.29662,1.29696,2.25,2.63
2012.07.20 03:22:16.473,1.29662,1.29695,2.25,1.13
2012.07.20 03:22:17.778,1.29666,1.29696,1.50,1.88
2012.07.20 03:22:19.334,1.29666,1.29696,1.50,1.88
2012.07.20 03:22:37.153,1.2966,1.29695,1.50,1.13
2012.07.20 03:22:37.331,1.29663,1.29695,1.50,1.88
2012.07.20 03:22:45.062,1.29663,1.29696,2.25,1.88
2012.07.20 03:22:46.615,1.29665,1.29695,3.00,1.13
2012.07.20 03:22:47.196,1.29663,1.29695,2.25,1.13
2012.07.20 03:22:47.934,1.29663,1.29695,2.25,1.88
2012.07.20 03:22:50.022,1.29663,1.29695,2.25,1.88
2012.07.20 03:22:52.992,1.29663,1.29695,2.25,1.88
2012.07.20 03:23:11.911,1.29663,1.29695,2.25,1.13
2012.07.20 03:23:14.430,1.29663,1.29695,2.25,1.13
2012.07.20 03:23:27.662,1.29667,1.29697,2.25,1.13
2012.07.20 03:23:30.713,1.29667,1.29697,1.50,1.13
2012.07.20 03:23:31.227,1.29667,1.29696,1.50,1.13
2012.07.20 03:23:37.858,1.29666,1.29697,1.50,1.13
2012.07.20 03:23:45.360,1.29666,1.29697,1.50,1.13
2012.07.20 03:23:45.701,1.29666,1.29697,1.50,1.13
2012.07.20 03:23:46.241,1.29671,1.29697,1.50,1.13
2012.07.20 03:23:52.071,1.29668,1.29698,2.25,1.13
2012.07.20 03:23:55.616,1.29668,1.29699,2.25,1.13
2012.07.20 03:23:58.885,1.29667,1.29699,1.50,1.13
2012.07.20 03:23:58.949,1.29664,1.29699,2.25,1.13
2012.07.20 03:24:00.281,1.29667,1.29698,2.25,1.13
2012.07.20 03:24:01.953,1.29663,1.29698,3.00,1.13
2012.07.20 03:24:02.711,1.29667,1.29694,1.50,1.13
2012.07.20 03:24:02.948,1.29672,1.29694,2.25,1.13
2012.07.20 03:24:03.821,1.29672,1.29702,1.50,1.50
2012.07.20 03:24:03.886,1.29672,1.29704,1.50,1.13
2012.07.20 03:24:06.101,1.29665,1.29702,2.27,1.50
2012.07.20 03:24:16.242,1.29663,1.29702,2.25,1.50
2012.07.20 03:24:16.305,1.29663,1.29696,1.50,1.13
2012.07.20 03:24:17.674,1.29661,1.29696,2.25,1.13
2012.07.20 03:24:17.855,1.29661,1.29698,3.00,1.88
2012.07.20 03:24:19.054,1.29666,1.29697,2.25,1.13
2012.07.20 03:24:23.867,1.29666,1.29697,3.00,1.13
2012.07.20 03:24:24.227,1.29666,1.29697,3.00,1.13
2012.07.20 03:24:24.348,1.29666,1.29697,3.00,1.13
2012.07.20 03:24:24.855,1.2967,1.29697,1.50,1.13
2012.07.20 03:24:25.016,1.29668,1.29697,1.50,1.13
2012.07.20 03:24:26.093,1.29668,1.29697,1.50,1.13
2012.07.20 03:24:28.306,1.29668,1.29699,1.50,1.13
2012.07.20 03:24:28.873,1.29668,1.297,1.50,1.13
2012.07.20 03:24:33.221,1.29668,1.297,2.25,1.13
2012.07.20 03:24:33.784,1.29668,1.297,1.50,1.13
2012.07.20 03:24:36.039,1.29666,1.297,1.50,1.13
2012.07.20 03:24:36.568,1.29664,1.297,2.25,1.88
2012.07.20 03:24:39.939,1.29664,1.297,2.25,1.88
2012.07.20 03:24:47.895,1.29664,1.297,2.25,1.13
2012.07.20 03:24:49.051,1.29665,1.297,1.50,1.13
2012.07.20 03:24:49.344,1.29662,1.297,1.50,1.88
2012.07.20 03:24:49.700,1.29665,1.297,2.25,1.13
2012.07.20 03:24:50.052,1.29666,1.29699,1.50,1.13
2012.07.20 03:24:50.706,1.29666,1.297,1.50,1.88
2012.07.20 03:24:51.438,1.29666,1.297,1.50,1.88
2012.07.20 03:24:51.961,1.29664,1.29699,1.50,1.13
2012.07.20 03:24:52.025,1.29665,1.29699,2.25,1.13
2012.07.20 03:24:52.090,1.29665,1.29699,2.25,1.13
2012.07.20 03:24:53.777,1.2967,1.29699,1.50,1.13
2012.07.20 03:24:57.310,1.29668,1.29699,1.50,1.13
2012.07.20 03:24:57.934,1.29668,1.29699,1.50,1.88
2012.07.20 03:24:59.507,1.29668,1.29699,2.25,1.88
2012.07.20 03:25:02.042,1.2967,1.29699,1.50,1.88
2012.07.20 03:25:04.843,1.29668,1.29699,2.25,1.13
2012.07.20 03:25:04.963,1.29668,1.29698,1.50,1.13
2012.07.20 03:25:06.837,1.29668,1.29698,2.25,1.13
2012.07.20 03:25:10.345,1.2967,1.29699,1.50,1.13
2012.07.20 03:25:11.884,1.29668,1.29699,2.25,1.13
2012.07.20 03:25:19.155,1.2967,1.29699,1.50,1.88
2012.07.20 03:25:19.782,1.2967,1.297,1.50,1.50
2012.07.20 03:25:19.846,1.29668,1.29699,2.25,1.50
2012.07.20 03:25:19.910,1.29668,1.29699,1.50,2.25
2012.07.20 03:25:20.088,1.29665,1.29702,2.25,1.88
2012.07.20 03:25:22.041,1.29665,1.29702,2.25,1.50
2012.07.20 03:25:22.507,1.29664,1.29702,1.50,1.50
2012.07.20 03:25:26.115,1.29666,1.29702,2.25,1.50
2012.07.20 03:25:26.329,1.29666,1.29702,2.25,1.50
2012.07.20 03:25:32.184,1.29664,1.29702,1.50,1.50
2012.07.20 03:25:33.727,1.29664,1.29702,1.50,1.50
2012.07.20 03:25:36.810,1.29664,1.29702,1.50,1.50
2012.07.20 03:25:36.873,1.29664,1.29702,1.50,1.50
2012.07.20 03:25:39.864,1.29664,1.29702,1.50,1.50
2012.07.20 03:25:39.935,1.29666,1.29705,3.00,1.50
2012.07.20 03:25:40.146,1.2967,1.29705,1.50,1.50
2012.07.20 03:25:44.536,1.29664,1.29702,2.25,1.50
2012.07.20 03:25:45.389,1.29667,1.29702,1.50,1.50
2012.07.20 03:25:56.727,1.29664,1.29702,1.50,1.50
2012.07.20 03:26:04.997,1.2967,1.29702,1.50,1.50
2012.07.20 03:26:06.505,1.29668,1.29702,1.50,1.50
2012.07.20 03:26:06.566,1.29665,1.29702,1.50,1.50
2012.07.20 03:26:14.532,1.29665,1.29702,1.50,1.50
2012.07.20 03:26:42.873,1.29665,1.29704,2.25,1.87
2012.07.20 03:26:43.425,1.29665,1.29704,2.25,1.87
2012.07.20 03:26:44.467,1.29665,1.29703,2.25,1.13
2012.07.20 03:26:45.035,1.29662,1.29703,3.00,1.13
2012.07.20 03:26:45.098,1.29664,1.29703,1.50,1.13
2012.07.20 03:26:45.659,1.29662,1.29703,1.50,2.63
2012.07.20 03:26:45.723,1.29662,1.29703,1.50,1.50
2012.07.20 03:26:45.786,1.29662,1.29708,3.00,2.25
2012.07.20 03:26:56.135,1.29665,1.29705,2.55,2.24
2012.07.20 03:26:56.372,1.29667,1.29707,2.40,1.50
2012.07.20 03:27:25.369,1.29667,1.29705,1.50,1.50
2012.07.20 03:27:25.433,1.29666,1.29704,2.25,1.50
2012.07.20 03:27:44.523,1.29663,1.29701,2.25,1.50
2012.07.20 03:27:55.516,1.29662,1.29704,2.12,1.50
2012.07.20 03:27:55.770,1.29667,1.29706,1.13,1.50
2012.07.20 03:27:55.833,1.29667,1.29707,1.13,1.13
2012.07.20 03:27:55.990,1.29667,1.29707,1.50,1.88
2012.07.20 03:27:56.170,1.29666,1.29704,1.50,1.50
2012.07.20 03:27:57.002,1.29665,1.29703,2.25,1.50
2012.07.20 03:27:57.127,1.29666,1.29704,1.50,1.50
2012.07.20 03:27:57.539,1.2966,1.29703,2.27,1.50
2012.07.20 03:28:01.319,1.29666,1.29705,1.50,1.50
2012.07.20 03:28:02.214,1.29666,1.29701,1.50,1.50
2012.07.20 03:28:02.525,1.29666,1.29699,1.50,1.50
2012.07.20 03:28:03.657,1.29666,1.29705,1.50,1.50
2012.07.20 03:28:08.083,1.29666,1.29704,3.00,1.50
2012.07.20 03:28:08.263,1.29671,1.29704,1.50,1.50
2012.07.20 03:28:08.619,1.29673,1.29708,2.25,1.50
2012.07.20 03:28:08.685,1.29672,1.29708,2.25,1.50
2012.07.20 03:28:08.809,1.29672,1.29703,1.50,1.50
2012.07.20 03:28:08.931,1.29668,1.29703,1.50,1.50
2012.07.20 03:28:09.402,1.29668,1.29704,1.50,1.50
2012.07.20 03:28:09.472,1.29662,1.29699,2.25,1.50
2012.07.20 03:28:11.081,1.29662,1.297,1.50,1.50
2012.07.20 03:28:11.318,1.29668,1.29704,2.25,2.25
2012.07.20 03:28:12.563,1.29665,1.29704,2.27,1.50
2012.07.20 03:28:13.166,1.29665,1.29704,2.27,2.25
2012.07.20 03:28:14.731,1.29665,1.29698,1.52,1.50
2012.07.20 03:28:14.795,1.29665,1.29698,1.50,1.50
2012.07.20 03:28:15.362,1.29663,1.29698,2.25,1.50
2012.07.20 03:28:15.487,1.2966,1.29698,2.25,1.50
2012.07.20 03:28:16.197,1.29657,1.29694,1.44,1.50
2012.07.20 03:28:16.838,1.29657,1.29699,2.94,2.63
2012.07.20 03:28:17.076,1.29661,1.29699,1.50,2.25
2012.07.20 03:28:17.141,1.29662,1.29698,2.25,1.50
2012.07.20 03:28:18.729,1.29661,1.29698,1.50,1.50
2012.07.20 03:28:18.793,1.29659,1.29698,1.20,1.50
2012.07.20 03:28:19.883,1.29662,1.29698,1.50,1.13
2012.07.20 03:28:20.005,1.29661,1.29698,3.00,1.50
2012.07.20 03:28:20.239,1.29659,1.29698,2.27,1.50
2012.07.20 03:28:34.503,1.29661,1.29703,1.52,1.50
2012.07.20 03:28:34.624,1.29662,1.29701,1.50,1.50
2012.07.20 03:28:35.159,1.29659,1.29698,2.70,1.13
2012.07.20 03:28:38.150,1.29661,1.29701,1.50,1.13
2012.07.20 03:28:38.617,1.29663,1.29699,1.50,1.50
2012.07.20 03:28:38.738,1.29663,1.29703,2.25,2.25
2012.07.20 03:28:39.264,1.29663,1.29699,3.00,1.50
2012.07.20 03:28:42.681,1.29663,1.29699,1.50,1.50
2012.07.20 03:28:45.538,1.29664,1.29699,1.50,1.50
2012.07.20 03:28:48.500,1.29663,1.29699,1.50,1.50
2012.07.20 03:28:48.621,1.29665,1.29699,1.50,1.50
2012.07.20 03:28:49.396,1.29664,1.29699,1.50,1.50
2012.07.20 03:28:50.604,1.29663,1.29701,3.00,1.50
2012.07.20 03:28:51.223,1.29664,1.29701,1.50,1.50
2012.07.20 03:28:51.909,1.29663,1.29698,1.50,1.50
2012.07.20 03:28:58.575,1.29664,1.29698,1.50,1.50
2012.07.20 03:29:00.478,1.2967,1.29701,1.50,1.50
2012.07.20 03:29:00.767,1.29667,1.29701,1.50,1.50
2012.07.20 03:29:00.830,1.29665,1.29701,1.50,1.50
2012.07.20 03:29:02.994,1.29663,1.29699,1.50,1.50
2012.07.20 03:29:03.114,1.29663,1.29701,1.50,1.50
2012.07.20 03:29:03.177,1.29666,1.29706,1.50,3.00
2012.07.20 03:29:03.947,1.29665,1.29703,2.25,1.50
2012.07.20 03:29:04.011,1.29662,1.29699,1.52,1.50
2012.07.20 03:29:09.415,1.29662,1.29702,1.52,1.50
2012.07.20 03:29:09.651,1.29667,1.29703,2.27,1.50
2012.07.20 03:29:16.973,1.29665,1.29703,1.52,2.25
2012.07.20 03:29:17.035,1.29665,1.29703,1.52,1.50
2012.07.20 03:29:17.555,1.29662,1.297,3.00,1.50
2012.07.20 03:29:19.941,1.29662,1.29704,3.00,2.25
2012.07.20 03:29:20.462,1.29666,1.29704,2.25,1.50
2012.07.20 03:29:20.527,1.29666,1.29704,1.50,1.50
2012.07.20 03:29:20.762,1.29661,1.29701,1.50,1.50
2012.07.20 03:29:21.296,1.29665,1.29701,1.50,1.50
2012.07.20 03:29:21.667,1.29662,1.29701,2.25,1.50
2012.07.20 03:29:23.047,1.29668,1.29701,1.50,1.50
2012.07.20 03:29:23.763,1.29665,1.29701,1.50,1.50
2012.07.20 03:29:23.927,1.29662,1.29701,2.27,1.50
2012.07.20 03:29:25.462,1.29665,1.29701,1.50,1.50
2012.07.20 03:29:25.749,1.29662,1.29698,2.27,1.50
2012.07.20 03:29:46.296,1.29665,1.29701,1.50,1.50
2012.07.20 03:29:59.343,1.29665,1.29703,2.25,1.50
2012.07.20 03:29:59.406,1.29665,1.29703,3.00,1.50
2012.07.20 03:29:59.910,1.29665,1.297,1.50,1.50
2012.07.20 03:30:00.381,1.29662,1.297,1.52,1.50
2012.07.20 03:30:03.339,1.29659,1.29699,2.70,1.50
2012.07.20 03:30:03.465,1.29659,1.297,2.25,2.24
2012.07.20 03:30:09.296,1.29662,1.297,3.02,2.25
2012.07.20 03:30:09.414,1.29663,1.297,2.25,1.50
2012.07.20 03:30:09.648,1.29668,1.297,1.50,1.50
2012.07.20 03:30:09.770,1.29666,1.297,1.52,1.50
2012.07.20 03:30:10.007,1.29665,1.297,1.50,1.50
2012.07.20 03:30:10.128,1.29662,1.297,3.02,1.50
2012.07.20 03:30:34.737,1.29662,1.29693,1.52,1.50
2012.07.20 03:30:35.094,1.29657,1.29683,1.44,1.13
2012.07.20 03:30:35.619,1.29657,1.29683,1.44,1.13
2012.07.20 03:30:37.767,1.29657,1.29685,1.44,1.13
2012.07.20 03:30:37.888,1.29657,1.29693,1.44,1.13
2012.07.20 03:30:37.952,1.29657,1.29693,1.44,1.13
2012.07.20 03:30:44.811,1.29657,1.29697,1.44,1.50
2012.07.20 03:30:44.931,1.29662,1.29698,1.50,1.50
2012.07.20 03:30:45.719,1.29663,1.297,2.25,1.32
2012.07.20 03:31:05.904,1.29662,1.29704,1.52,1.50
2012.07.20 03:31:06.033,1.29664,1.29704,1.50,1.50
2012.07.20 03:31:07.666,1.29664,1.29708,3.00,1.50
2012.07.20 03:31:08.019,1.2967,1.29707,2.27,1.50
2012.07.20 03:31:08.429,1.29669,1.29709,1.50,1.50
2012.07.20 03:31:08.493,1.29668,1.29707,1.50,1.50
2012.07.20 03:31:08.614,1.29668,1.29709,1.50,1.50
2012.07.20 03:31:08.931,1.29666,1.29707,2.25,1.50
2012.07.20 03:31:17.931,1.29667,1.29704,1.50,1.50
2012.07.20 03:31:17.994,1.29669,1.29704,1.50,1.50
2012.07.20 03:31:21.457,1.29671,1.29709,1.50,1.50
2012.07.20 03:31:25.503,1.29671,1.29709,1.50,1.50
2012.07.20 03:31:34.088,1.29671,1.29709,3.02,1.50
2012.07.20 03:31:38.209,1.29671,1.2971,3.02,1.50
2012.07.20 03:31:45.902,1.29668,1.29709,3.02,1.50
2012.07.20 03:31:45.971,1.29668,1.29704,3.02,1.50
2012.07.20 03:31:47.009,1.29665,1.29704,1.32,1.50
2012.07.20 03:31:47.246,1.29663,1.29704,1.52,1.50
2012.07.20 03:31:52.314,1.29665,1.29706,2.25,1.32
2012.07.20 03:32:00.265,1.29667,1.29706,2.25,1.50
2012.07.20 03:32:00.329,1.29669,1.29706,1.50,1.50
2012.07.20 03:32:02.915,1.29672,1.29709,2.25,1.50
2012.07.20 03:32:03.325,1.29666,1.29706,2.25,1.50
2012.07.20 03:32:22.184,1.2966,1.29699,2.27,1.50
2012.07.20 03:32:22.419,1.29655,1.29699,3.02,2.25
2012.07.20 03:32:23.062,1.29654,1.29699,2.25,4.13
2012.07.20 03:32:23.184,1.29654,1.29699,2.27,4.88
2012.07.20 03:32:23.304,1.29655,1.29694,1.52,1.50
2012.07.20 03:32:23.425,1.29654,1.29699,2.25,4.88
2012.07.20 03:32:23.719,1.29655,1.29695,1.50,1.50
2012.07.20 03:32:23.842,1.29655,1.29695,1.52,2.25
2012.07.20 03:32:24.812,1.29657,1.29699,2.27,3.00
2012.07.20 03:32:25.699,1.29657,1.29699,2.27,2.25
2012.07.20 03:32:27.232,1.29655,1.29696,1.50,1.50
2012.07.20 03:32:38.013,1.29656,1.29698,2.25,1.50
2012.07.20 03:32:38.251,1.2966,1.29693,1.50,1.50
2012.07.20 03:32:38.545,1.2966,1.29699,1.50,3.00
2012.07.20 03:32:39.137,1.29659,1.29695,1.50,1.50
2012.07.20 03:32:39.497,1.29653,1.29695,3.00,1.50
2012.07.20 03:32:40.004,1.29659,1.29696,1.50,1.50
2012.07.20 03:32:40.299,1.29656,1.29695,3.00,1.50
2012.07.20 03:32:40.535,1.2966,1.29695,1.50,1.50
2012.07.20 03:32:40.770,1.29657,1.29695,1.50,1.50
2012.07.20 03:32:40.891,1.29661,1.29698,1.50,1.49
2012.07.20 03:32:41.070,1.29661,1.29697,1.50,1.50
2012.07.20 03:32:41.304,1.29661,1.29701,1.50,2.25
2012.07.20 03:32:41.754,1.29659,1.29699,1.50,1.50
2012.07.20 03:32:46.325,1.29659,1.29699,1.52,1.50
2012.07.20 03:32:46.675,1.29666,1.29703,1.50,1.50
2012.07.20 03:32:47.213,1.29662,1.29701,1.50,1.50
2012.07.20 03:32:47.679,1.29659,1.297,1.52,3.00
2012.07.20 03:32:51.058,1.29656,1.29696,2.25,1.49
2012.07.20 03:32:51.129,1.29654,1.29692,1.50,2.25
2012.07.20 03:32:51.428,1.29661,1.29699,1.50,2.99
2012.07.20 03:32:51.606,1.29661,1.29699,1.50,3.00
2012.07.20 03:33:17.022,1.29664,1.29699,1.50,1.50
2012.07.20 03:33:17.255,1.29662,1.29701,1.50,1.50
2012.07.20 03:33:17.815,1.29659,1.29701,2.25,1.50
2012.07.20 03:33:25.052,1.29659,1.29699,2.25,1.50
2012.07.20 03:33:25.979,1.29659,1.29701,2.25,2.25
2012.07.20 03:33:29.102,1.29655,1.29699,2.25,4.49
2012.07.20 03:33:31.331,1.29658,1.29696,1.50,1.49
2012.07.20 03:33:31.634,1.29659,1.29699,1.50,2.99
2012.07.20 03:33:31.755,1.29659,1.29699,1.50,2.25
2012.07.20 03:33:33.608,1.29659,1.297,1.50,1.49
2012.07.20 03:33:52.652,1.29659,1.29699,1.50,1.50
2012.07.20 03:33:54.283,1.2966,1.29701,2.25,3.00
2012.07.20 03:33:54.972,1.29659,1.297,1.50,1.50
2012.07.20 03:33:56.686,1.29659,1.29701,1.50,3.57
2012.07.20 03:33:57.943,1.29659,1.297,1.50,1.50
2012.07.20 03:33:59.142,1.29659,1.29701,1.50,2.25
2012.07.20 03:34:05.741,1.29663,1.29703,1.50,1.50
2012.07.20 03:34:07.791,1.2966,1.29703,3.75,1.50
2012.07.20 03:34:08.107,1.29663,1.29703,1.50,1.50
2012.07.20 03:34:08.413,1.2966,1.29703,3.75,1.50
2012.07.20 03:34:31.417,1.29659,1.29704,2.25,2.24
2012.07.20 03:34:36.546,1.29661,1.29704,1.50,2.24
2012.07.20 03:34:38.732,1.29665,1.29704,1.50,2.99
2012.07.20 03:34:38.795,1.29662,1.29704,1.50,2.99
2012.07.20 03:34:38.970,1.29661,1.29704,2.25,2.24
2012.07.20 03:34:41.477,1.29661,1.29706,3.00,1.49
2012.07.20 03:34:44.300,1.29664,1.29704,1.50,1.50
2012.07.20 03:34:44.867,1.29662,1.29699,1.50,1.50
2012.07.20 03:34:45.717,1.29662,1.29707,1.50,2.25
2012.07.20 03:34:45.781,1.29662,1.29706,1.50,1.50
2012.07.20 03:34:54.700,1.29661,1.29699,2.25,1.50
2012.07.20 03:34:55.046,1.29661,1.29703,3.00,1.50
2012.07.20 03:34:56.774,1.29661,1.29699,3.02,1.50
2012.07.20 03:34:57.217,1.29665,1.29707,1.50,1.50
2012.07.20 03:34:57.934,1.29661,1.29703,1.50,2.25
2012.07.20 03:34:58.345,1.2966,1.297,1.50,1.50
2012.07.20 03:35:00.584,1.29659,1.297,3.02,1.50
2012.07.20 03:35:00.933,1.29667,1.29704,1.50,3.00
2012.07.20 03:35:05.256,1.29667,1.29708,3.23,1.50
2012.07.20 03:35:08.118,1.29681,1.29713,1.50,3.00
2012.07.20 03:35:08.181,1.29681,1.29713,1.50,3.00
2012.07.20 03:35:08.589,1.29681,1.29715,1.50,3.00
2012.07.20 03:35:08.655,1.29679,1.29715,1.50,1.50
2012.07.20 03:35:08.719,1.29679,1.29713,1.50,1.50
2012.07.20 03:35:09.435,1.29672,1.29713,1.50,1.50
2012.07.20 03:35:10.073,1.29675,1.29713,2.25,1.50
2012.07.20 03:35:18.801,1.29675,1.29714,2.27,1.50
2012.07.20 03:35:22.284,1.29675,1.29717,2.25,1.50
2012.07.20 03:35:38.405,1.29674,1.29709,2.25,1.50
2012.07.20 03:35:48.206,1.29669,1.29705,2.25,1.50
2012.07.20 03:35:48.443,1.29668,1.29705,1.32,1.50
2012.07.20 03:35:48.707,1.2967,1.29701,1.50,1.50
2012.07.20 03:35:48.828,1.2967,1.29705,1.50,1.50
2012.07.20 03:35:48.891,1.29668,1.29703,1.32,1.50
2012.07.20 03:35:49.127,1.29668,1.29703,1.32,1.50
2012.07.20 03:35:49.422,1.29664,1.29703,1.50,2.25
2012.07.20 03:35:49.957,1.29661,1.29703,2.25,2.25
2012.07.20 03:35:51.963,1.29666,1.29704,1.50,3.00
2012.07.20 03:35:52.930,1.29659,1.29703,3.02,1.50
2012.07.20 03:35:53.618,1.29659,1.29705,2.25,2.25
2012.07.20 03:35:53.968,1.29666,1.29705,1.50,2.25
2012.07.20 03:36:01.307,1.29662,1.29706,2.25,3.00
2012.07.20 03:36:01.426,1.29666,1.29706,1.50,3.74
2012.07.20 03:36:01.744,1.29662,1.29703,2.25,1.50
2012.07.20 03:36:12.512,1.29656,1.29702,3.00,3.00
2012.07.20 03:36:13.006,1.29656,1.29696,1.50,2.25
2012.07.20 03:36:18.795,1.2966,1.29699,1.50,2.99
2012.07.20 03:36:20.018,1.2966,1.297,1.50,1.50
2012.07.20 03:36:34.442,1.2966,1.29702,2.25,2.25
2012.07.20 03:36:34.792,1.29664,1.29708,1.50,3.00
2012.07.20 03:36:35.249,1.29664,1.29708,2.25,1.50
2012.07.20 03:36:40.520,1.2967,1.29711,1.50,1.49
2012.07.20 03:36:44.489,1.29672,1.29713,2.25,1.50
2012.07.20 03:37:14.471,1.29674,1.29715,2.25,1.32
2012.07.20 03:37:20.202,1.29674,1.29715,3.02,1.32
2012.07.20 03:37:20.435,1.29674,1.29715,3.02,1.32
2012.07.20 03:37:34.702,1.29677,1.29716,2.25,1.32
2012.07.20 03:37:34.993,1.29677,1.29716,2.25,1.32
2012.07.20 03:37:35.137,1.29677,1.29715,2.25,1.32
2012.07.20 03:37:35.257,1.29677,1.29715,2.27,1.32
2012.07.20 03:37:35.431,1.29677,1.29718,2.25,1.32
2012.07.20 03:37:35.549,1.29677,1.29717,2.25,1.32
2012.07.20 03:37:36.098,1.29677,1.29717,2.25,1.32
2012.07.20 03:37:36.891,1.29677,1.29717,2.25,1.32
2012.07.20 03:37:37.828,1.29675,1.29716,1.50,1.32
2012.07.20 03:37:38.443,1.29675,1.29715,1.50,1.32
2012.07.20 03:37:40.360,1.29673,1.29715,2.27,1.32
2012.07.20 03:37:52.007,1.29673,1.29715,1.50,2.07
2012.07.20 03:37:52.070,1.29673,1.29713,1.50,1.50
2012.07.20 03:37:52.683,1.29673,1.2971,1.50,1.50
2012.07.20 03:38:04.895,1.29668,1.2971,2.25,3.00
2012.07.20 03:38:04.958,1.2967,1.29713,2.25,2.25
2012.07.20 03:38:05.699,1.29672,1.2971,1.50,1.50
2012.07.20 03:38:05.761,1.29672,1.2971,1.50,2.25
2012.07.20 03:38:05.996,1.29672,1.29715,3.00,1.57
2012.07.20 03:38:07.466,1.29672,1.29714,1.50,1.20
2012.07.20 03:38:07.841,1.29672,1.29714,1.50,1.20
2012.07.20 03:38:16.762,1.29672,1.29715,1.50,2.25
2012.07.20 03:38:17.546,1.29672,1.29713,1.50,1.50
2012.07.20 03:38:18.161,1.29672,1.29715,1.50,2.82
2012.07.20 03:38:19.031,1.29672,1.29711,1.50,1.50
2012.07.20 03:38:19.206,1.29673,1.29716,1.50,2.82
2012.07.20 03:38:58.470,1.29673,1.29709,1.50,1.50
2012.07.20 03:38:58.596,1.29673,1.29713,1.50,1.50
2012.07.20 03:39:20.329,1.29673,1.29711,1.50,1.50
2012.07.20 03:39:20.653,1.29672,1.29709,1.32,1.50
2012.07.20 03:39:21.272,1.29672,1.29709,1.32,2.25
2012.07.20 03:39:23.298,1.29669,1.2971,2.27,1.50
2012.07.20 03:39:23.490,1.29669,1.2971,2.25,1.50
2012.07.20 03:39:27.175,1.29665,1.2971,1.50,3.00
2012.07.20 03:39:27.659,1.29666,1.2971,2.27,3.00
2012.07.20 03:39:27.720,1.29666,1.29709,2.27,1.50
2012.07.20 03:39:29.763,1.29665,1.29703,1.50,1.50
2012.07.20 03:39:29.883,1.29665,1.2971,1.50,3.00
2012.07.20 03:39:30.421,1.29665,1.2971,1.52,3.00
2012.07.20 03:39:30.484,1.29665,1.2971,1.52,3.00
2012.07.20 03:39:32.416,1.29665,1.2971,1.52,2.25
2012.07.20 03:39:32.480,1.29667,1.2971,2.25,2.25
2012.07.20 03:39:32.836,1.29669,1.29711,1.50,1.50
2012.07.20 03:39:33.033,1.29665,1.29709,2.25,3.00
2012.07.20 03:39:34.335,1.29661,1.29704,2.08,1.50
2012.07.20 03:39:34.511,1.29662,1.29707,1.52,2.25
2012.07.20 03:39:35.321,1.29665,1.29709,2.27,2.25
2012.07.20 03:39:38.237,1.29666,1.29707,1.52,1.50
2012.07.20 03:39:38.624,1.29666,1.2971,1.52,3.00
2012.07.20 03:39:40.498,1.29666,1.2971,1.52,3.00
2012.07.20 03:39:42.261,1.29666,1.2971,1.52,2.25
2012.07.20 03:39:45.057,1.2967,1.2971,1.50,1.50
2012.07.20 03:39:45.344,1.2967,1.29714,3.00,2.25
2012.07.20 03:39:45.575,1.2967,1.2971,1.50,1.50
2012.07.20 03:39:46.193,1.2967,1.2971,1.50,1.50
2012.07.20 03:39:49.374,1.29668,1.29706,1.33,2.25
2012.07.20 03:39:49.435,1.29667,1.29696,2.30,1.88
2012.07.20 03:39:49.674,1.29654,1.29689,1.32,2.25
2012.07.20 03:39:50.213,1.29648,1.29688,1.50,2.25
2012.07.20 03:39:50.278,1.29648,1.29686,1.50,2.25
2012.07.20 03:39:51.671,1.29648,1.29686,1.52,2.25
2012.07.20 03:39:51.735,1.29653,1.29686,1.35,1.50
2012.07.20 03:39:51.858,1.29653,1.29688,1.35,1.50
2012.07.20 03:39:52.325,1.29659,1.2969,1.50,1.32
2012.07.20 03:39:52.390,1.29655,1.29697,1.50,1.50
2012.07.20 03:39:52.455,1.29655,1.29693,1.50,1.50
2012.07.20 03:39:53.797,1.29653,1.29692,1.35,1.50
2012.07.20 03:39:53.861,1.29652,1.29691,1.17,1.50
2012.07.20 03:39:54.042,1.29645,1.29672,1.33,2.25
2012.07.20 03:39:54.627,1.29645,1.29672,1.32,1.50
2012.07.20 03:39:55.560,1.29646,1.29674,1.50,2.17
2012.07.20 03:39:55.740,1.29641,1.29674,1.50,1.35
2012.07.20 03:39:55.805,1.29641,1.29678,1.50,1.50
2012.07.20 03:39:56.041,1.29644,1.29684,1.50,1.50
2012.07.20 03:39:56.543,1.29648,1.29686,1.50,1.49
2012.07.20 03:39:57.990,1.29644,1.29682,3.00,2.99
2012.07.20 03:39:58.057,1.29641,1.29678,1.50,1.49
2012.07.20 03:39:58.672,1.29644,1.29684,1.50,1.50
2012.07.20 03:39:58.910,1.29643,1.29685,1.50,1.50
2012.07.20 03:39:58.976,1.29647,1.29685,1.50,1.50
2012.07.20 03:39:59.216,1.29643,1.29685,1.50,1.50
2012.07.20 03:39:59.281,1.29649,1.29688,1.50,2.25
2012.07.20 03:39:59.632,1.29649,1.29688,1.50,2.25
2012.07.20 03:40:03.202,1.29652,1.29692,1.50,2.25
2012.07.20 03:40:05.057,1.29653,1.29691,1.50,1.50
2012.07.20 03:40:05.294,1.29653,1.2969,1.50,2.25
2012.07.20 03:40:13.526,1.29659,1.29693,1.50,3.00
2012.07.20 03:40:13.649,1.29659,1.29693,1.50,1.50
2012.07.20 03:40:13.712,1.29659,1.29693,1.50,2.25
2012.07.20 03:40:14.181,1.29656,1.29682,1.32,1.50
2012.07.20 03:40:14.766,1.29645,1.29681,1.25,2.25
2012.07.20 03:40:16.029,1.29644,1.29681,1.44,2.25
2012.07.20 03:40:16.586,1.29644,1.29678,1.44,3.00
2012.07.20 03:40:18.067,1.29644,1.29678,1.44,3.00
2012.07.20 03:40:18.576,1.29644,1.29678,1.44,3.00
2012.07.20 03:40:19.828,1.29645,1.29684,1.44,1.50
2012.07.20 03:40:21.676,1.29645,1.29681,1.44,1.50
2012.07.20 03:40:22.653,1.29645,1.29675,1.44,1.50
2012.07.20 03:40:22.718,1.29644,1.29673,1.44,1.50
2012.07.20 03:40:23.222,1.29644,1.29673,1.44,1.50
2012.07.20 03:40:23.735,1.29644,1.29673,1.44,1.50
2012.07.20 03:40:25.539,1.29639,1.29677,2.19,2.25
2012.07.20 03:40:25.660,1.29639,1.29674,2.19,1.50
2012.07.20 03:40:26.012,1.29638,1.29672,1.44,2.25
2012.07.20 03:40:26.361,1.29639,1.29674,1.44,2.25
2012.07.20 03:40:26.424,1.29638,1.29667,1.44,1.50
2012.07.20 03:40:26.899,1.29638,1.29667,1.44,2.25
2012.07.20 03:40:26.970,1.29639,1.29671,1.44,2.25
2012.07.20 03:40:28.705,1.29639,1.29675,1.44,2.25
2012.07.20 03:40:29.250,1.29639,1.29671,1.44,1.50
2012.07.20 03:40:35.051,1.29638,1.29666,1.44,1.50
2012.07.20 03:40:35.622,1.29638,1.29673,1.44,2.25
2012.07.20 03:40:36.157,1.29638,1.29671,1.44,1.50
2012.07.20 03:40:36.228,1.29638,1.29668,1.44,1.50
2012.07.20 03:40:37.801,1.29639,1.29672,1.44,2.25
2012.07.20 03:40:47.005,1.29639,1.29671,1.44,1.50
2012.07.20 03:40:57.245,1.29638,1.29673,1.44,2.25
2012.07.20 03:40:57.309,1.29638,1.29666,1.44,1.50
2012.07.20 03:40:57.830,1.29639,1.29673,1.44,2.25
2012.07.20 03:41:26.082,1.29639,1.29671,1.44,1.50
2012.07.20 03:41:26.316,1.29639,1.29673,1.44,2.25
2012.07.20 03:41:31.690,1.29639,1.2967,1.44,2.25
2012.07.20 03:41:31.754,1.29639,1.2967,1.44,2.25
2012.07.20 03:41:31.934,1.29638,1.29666,1.44,2.25
2012.07.20 03:41:32.288,1.29638,1.29668,1.44,3.00
2012.07.20 03:41:32.528,1.29638,1.29671,2.19,1.50
2012.07.20 03:41:32.593,1.29638,1.29674,2.19,2.25
2012.07.20 03:41:32.716,1.29638,1.29674,1.44,2.25
2012.07.20 03:41:33.038,1.29639,1.29678,2.19,1.49
2012.07.20 03:41:33.102,1.29639,1.2968,2.19,2.25
2012.07.20 03:41:35.208,1.29642,1.2968,1.50,2.25
2012.07.20 03:41:36.531,1.29642,1.29682,1.52,1.50
2012.07.20 03:41:46.149,1.29642,1.29682,1.52,1.50
2012.07.20 03:41:46.947,1.29642,1.29682,2.27,1.50
2012.07.20 03:41:49.785,1.29642,1.29682,2.27,1.50
2012.07.20 03:41:50.014,1.29642,1.29682,1.52,1.50
2012.07.20 03:41:50.135,1.29639,1.29681,2.72,2.25
2012.07.20 03:41:50.763,1.29642,1.29679,1.52,1.50
2012.07.20 03:41:50.899,1.29642,1.29679,1.52,1.50
2012.07.20 03:41:51.967,1.29642,1.29682,1.52,1.50
2012.07.20 03:41:52.663,1.29642,1.29682,1.52,1.50
2012.07.20 03:41:55.873,1.2964,1.29676,1.52,2.25
2012.07.20 03:42:01.317,1.29642,1.29681,1.52,2.82
2012.07.20 03:42:01.474,1.29642,1.29681,1.52,2.82
2012.07.20 03:42:01.779,1.29642,1.29681,1.52,1.32
2012.07.20 03:42:02.709,1.29643,1.29682,2.27,1.32
2012.07.20 03:42:03.241,1.29643,1.29684,2.27,1.50
2012.07.20 03:42:08.957,1.29641,1.29682,3.02,1.50
2012.07.20 03:42:09.195,1.29642,1.29681,1.52,1.50
2012.07.20 03:42:09.317,1.29642,1.29685,1.52,1.50
2012.07.20 03:42:09.970,1.29646,1.29685,2.27,1.50
2012.07.20 03:42:10.033,1.29646,1.29682,1.52,1.50
2012.07.20 03:42:10.096,1.29646,1.29682,1.52,1.50
2012.07.20 03:42:10.160,1.29646,1.29684,2.27,1.50
2012.07.20 03:42:10.342,1.29645,1.29684,2.27,1.50
2012.07.20 03:42:12.352,1.29644,1.29684,2.27,1.50
2012.07.20 03:42:22.456,1.29642,1.29682,1.52,1.50
2012.07.20 03:42:30.621,1.29642,1.29682,1.52,2.25
2012.07.20 03:42:30.837,1.29642,1.29682,1.52,1.50
2012.07.20 03:42:31.069,1.29642,1.29682,1.52,2.25
2012.07.20 03:42:31.261,1.29641,1.29678,1.52,1.50
2012.07.20 03:42:31.381,1.29642,1.29681,1.52,1.50
2012.07.20 03:42:31.616,1.29642,1.29682,1.52,1.50
2012.07.20 03:42:31.966,1.29642,1.29682,1.52,1.50
2012.07.20 03:42:32.823,1.29642,1.29682,1.52,1.50
2012.07.20 03:42:33.391,1.29646,1.29689,2.27,1.50
2012.07.20 03:42:36.274,1.29642,1.29687,2.27,2.25
2012.07.20 03:42:36.671,1.29642,1.29681,2.27,1.50
2012.07.20 03:42:37.662,1.29642,1.29687,2.27,2.25
2012.07.20 03:42:44.929,1.29642,1.29687,2.27,2.25
2012.07.20 03:42:45.186,1.29646,1.29688,2.27,1.50
2012.07.20 03:42:52.652,1.2964,1.29683,1.52,1.50
2012.07.20 03:43:02.116,1.2964,1.29685,1.52,3.00
2012.07.20 03:43:09.223,1.29644,1.29689,2.27,1.50
2012.07.20 03:43:14.355,1.29644,1.29689,2.27,1.50
2012.07.20 03:43:14.475,1.29644,1.29685,2.25,1.49
2012.07.20 03:43:14.596,1.2964,1.29683,1.50,1.49
2012.07.20 03:43:14.714,1.29641,1.29684,3.00,1.49
2012.07.20 03:43:15.004,1.29643,1.2969,2.27,1.50
2012.07.20 03:43:16.951,1.29643,1.29691,2.27,2.25
2012.07.20 03:43:17.013,1.29643,1.29691,2.27,2.25
2012.07.20 03:43:17.625,1.29648,1.29691,3.02,1.50
2012.07.20 03:43:21.225,1.29647,1.29691,4.52,1.50
2012.07.20 03:43:21.290,1.29647,1.29685,3.75,1.50
2012.07.20 03:43:21.411,1.29647,1.29685,4.52,1.50
2012.07.20 03:43:25.190,1.2965,1.29687,1.50,1.50
2012.07.20 03:43:28.019,1.29649,1.29687,1.50,1.50
2012.07.20 03:43:51.316,1.29649,1.29687,1.50,1.50
2012.07.20 03:44:06.535,1.29651,1.29687,1.50,1.50
2012.07.20 03:44:08.636,1.29649,1.29687,3.00,1.50
2012.07.20 03:44:12.777,1.29649,1.29687,1.50,1.50
2012.07.20 03:44:13.129,1.29643,1.29682,1.50,1.50
2012.07.20 03:44:13.494,1.2964,1.29674,1.50,1.50
2012.07.20 03:44:14.021,1.29639,1.29678,1.20,1.50
2012.07.20 03:44:14.085,1.29639,1.29677,1.95,1.50
2012.07.20 03:44:14.207,1.29641,1.29677,1.50,1.50
2012.07.20 03:44:14.937,1.29645,1.2968,2.27,1.50
2012.07.20 03:44:15.008,1.29647,1.29683,2.25,1.50
2012.07.20 03:44:21.729,1.29647,1.29682,1.50,1.50
2012.07.20 03:44:21.963,1.29643,1.29682,2.25,1.50
2012.07.20 03:44:22.642,1.29646,1.29682,1.50,1.50
2012.07.20 03:44:24.789,1.29642,1.29678,2.27,1.50
2012.07.20 03:44:32.154,1.29642,1.29676,2.27,1.73
2012.07.20 03:44:32.509,1.29634,1.29658,1.44,1.49
2012.07.20 03:44:32.921,1.29634,1.29667,1.44,1.50
2012.07.20 03:44:32.986,1.29638,1.29667,1.44,1.50
2012.07.20 03:44:33.171,1.29639,1.29673,1.50,1.65
2012.07.20 03:44:33.295,1.29644,1.29672,1.50,1.05
2012.07.20 03:44:33.476,1.29645,1.29678,2.27,1.13
2012.07.20 03:44:33.541,1.2965,1.29678,1.50,1.13
2012.07.20 03:44:33.720,1.2965,1.29677,1.50,1.13
2012.07.20 03:44:33.898,1.29645,1.29683,2.25,2.25
2012.07.20 03:44:34.404,1.29647,1.29683,1.50,1.50
2012.07.20 03:44:34.472,1.29646,1.29683,1.52,1.50
2012.07.20 03:44:34.712,1.29651,1.29683,1.52,2.25
2012.07.20 03:44:34.835,1.29649,1.29687,1.52,1.50
2012.07.20 03:44:35.145,1.29651,1.29683,1.50,1.50
2012.07.20 03:44:35.382,1.29651,1.29688,2.25,1.50
2012.07.20 03:44:37.334,1.29652,1.29688,2.27,1.50
2012.07.20 03:44:37.746,1.29651,1.29688,2.25,1.50
2012.07.20 03:44:38.040,1.29647,1.29685,2.27,1.50
2012.07.20 03:44:38.162,1.29646,1.29683,1.67,2.10
2012.07.20 03:44:38.341,1.29644,1.29682,1.07,1.50
2012.07.20 03:44:38.524,1.29642,1.29678,1.05,1.50
2012.07.20 03:44:38.589,1.2964,1.29678,2.20,1.50
2012.07.20 03:44:38.712,1.29641,1.29679,2.27,1.50
2012.07.20 03:44:38.776,1.29644,1.29679,1.50,1.50
2012.07.20 03:44:39.407,1.29644,1.2968,2.27,1.50
2012.07.20 03:44:42.308,1.29641,1.29678,2.27,3.00
2012.07.20 03:44:42.489,1.2964,1.29678,1.50,2.24
2012.07.20 03:44:42.842,1.29643,1.29669,1.52,1.50
2012.07.20 03:44:42.963,1.29643,1.29674,1.52,2.40
2012.07.20 03:44:43.086,1.29641,1.29669,2.25,1.50
2012.07.20 03:44:43.207,1.29638,1.29669,2.19,1.50
2012.07.20 03:44:43.329,1.29638,1.29669,2.19,1.50
2012.07.20 03:44:43.739,1.29639,1.29669,1.44,1.88
2012.07.20 03:44:43.975,1.29638,1.29669,1.44,1.88
2012.07.20 03:44:44.156,1.29637,1.29669,1.44,2.63
2012.07.20 03:44:44.907,1.29639,1.29659,1.44,1.50
2012.07.20 03:44:45.872,1.29639,1.29667,1.44,1.50
2012.07.20 03:44:47.690,1.29639,1.29666,1.44,1.50
2012.07.20 03:44:47.812,1.29642,1.29666,1.50,1.50
2012.07.20 03:44:48.347,1.29639,1.29669,2.94,1.50
2012.07.20 03:44:50.689,1.29643,1.29669,1.50,1.50
2012.07.20 03:44:50.812,1.29643,1.29672,1.50,2.07
2012.07.20 03:44:52.906,1.29643,1.29674,2.25,1.50
2012.07.20 03:44:53.316,1.29643,1.29672,2.25,1.50
2012.07.20 03:44:56.164,1.29638,1.29674,1.45,1.50
2012.07.20 03:45:02.422,1.29642,1.29678,1.50,3.75
2012.07.20 03:45:03.590,1.29642,1.29682,1.52,2.82
2012.07.20 03:45:04.230,1.2964,1.29683,1.22,2.25
2012.07.20 03:45:06.281,1.29642,1.29678,1.52,1.50
2012.07.20 03:45:08.710,1.29642,1.29679,2.25,1.50
2012.07.20 03:45:12.878,1.29643,1.29677,1.50,1.50
2012.07.20 03:45:13.378,1.29643,1.29678,1.50,2.25
2012.07.20 03:45:13.445,1.29643,1.29679,1.52,2.25
2012.07.20 03:45:13.796,1.2964,1.29678,2.27,1.50
2012.07.20 03:45:13.963,1.2964,1.29678,2.27,1.50
2012.07.20 03:45:15.979,1.29643,1.29683,1.52,1.50
2012.07.20 03:45:16.216,1.29647,1.29683,2.27,2.25
2012.07.20 03:45:16.739,1.29642,1.29679,1.52,3.00
2012.07.20 03:45:16.974,1.29642,1.29678,1.52,1.50
2012.07.20 03:45:17.977,1.29642,1.29678,1.52,1.50
2012.07.20 03:45:18.327,1.29642,1.29679,1.52,2.25
2012.07.20 03:45:19.489,1.29645,1.29679,1.52,2.25
2012.07.20 03:45:19.822,1.29645,1.29683,1.52,1.50
2012.07.20 03:45:20.288,1.29645,1.2968,1.50,2.25
2012.07.20 03:45:20.877,1.29645,1.29677,1.50,1.50
2012.07.20 03:45:20.946,1.29638,1.29675,2.20,1.50
2012.07.20 03:45:21.315,1.29639,1.29683,1.45,1.50
2012.07.20 03:45:25.573,1.29639,1.29673,1.22,1.50
2012.07.20 03:45:25.927,1.29639,1.29667,1.44,1.49
2012.07.20 03:45:26.000,1.29639,1.2967,1.44,1.49
2012.07.20 03:45:26.121,1.29639,1.29673,1.44,2.25
2012.07.20 03:45:26.848,1.29638,1.2967,1.44,1.50
2012.07.20 03:45:32.638,1.29638,1.29673,1.44,2.25
2012.07.20 03:45:33.203,1.29638,1.29676,1.44,2.25
2012.07.20 03:45:33.273,1.29638,1.29677,2.19,2.25
2012.07.20 03:45:34.276,1.29639,1.29676,1.44,1.50
2012.07.20 03:45:34.467,1.29639,1.29679,1.44,3.00
2012.07.20 03:45:34.709,1.29641,1.29678,2.25,1.50
2012.07.20 03:45:34.831,1.29644,1.29682,1.52,1.50
2012.07.20 03:45:34.953,1.29646,1.29682,2.27,1.50
2012.07.20 03:45:35.253,1.29646,1.29683,2.27,2.25
2012.07.20 03:45:35.474,1.29646,1.29682,2.27,1.50
2012.07.20 03:45:35.652,1.29646,1.29683,2.27,2.25
2012.07.20 03:45:37.420,1.29646,1.29683,2.27,1.50
2012.07.20 03:45:41.814,1.2965,1.29682,1.52,1.50
2012.07.20 03:45:42.051,1.29647,1.29679,2.25,1.50
2012.07.20 03:45:42.172,1.29643,1.29679,1.50,1.50
2012.07.20 03:45:45.386,1.29644,1.29682,1.65,1.50
2012.07.20 03:45:45.508,1.29646,1.29683,1.52,1.50
2012.07.20 03:45:45.630,1.29649,1.29682,1.52,1.50
2012.07.20 03:45:45.922,1.29649,1.29687,1.52,1.32
2012.07.20 03:45:46.784,1.29645,1.29685,1.52,1.50
2012.07.20 03:45:51.110,1.2965,1.29683,1.50,1.50
2012.07.20 03:45:51.520,1.29654,1.29693,2.25,1.50
2012.07.20 03:45:59.639,1.29654,1.29693,2.27,1.50
2012.07.20 03:46:01.752,1.29654,1.29689,1.50,2.25
2012.07.20 03:46:01.873,1.29651,1.29689,1.52,1.50
2012.07.20 03:46:02.170,1.29651,1.2969,1.52,1.50
2012.07.20 03:46:02.292,1.29654,1.2969,2.27,1.50
2012.07.20 03:46:02.828,1.29658,1.29689,2.27,1.50
2012.07.20 03:46:03.637,1.29658,1.29689,2.27,1.50
2012.07.20 03:46:07.770,1.29658,1.29688,2.27,1.50
2012.07.20 03:46:08.212,1.29658,1.29694,2.27,1.50
2012.07.20 03:46:08.276,1.2966,1.29694,2.27,1.50
2012.07.20 03:46:08.628,1.29668,1.29695,2.27,1.32
2012.07.20 03:46:08.697,1.29668,1.29702,2.27,1.50
2012.07.20 03:46:08.876,1.29668,1.29702,2.27,1.50
2012.07.20 03:46:08.998,1.29671,1.29703,1.52,1.50
2012.07.20 03:46:09.062,1.29671,1.29703,1.50,1.50
2012.07.20 03:46:09.357,1.29666,1.29701,1.52,1.50
2012.07.20 03:46:09.478,1.29666,1.29701,1.50,1.50
2012.07.20 03:46:09.657,1.29666,1.29696,1.50,1.50
2012.07.20 03:46:10.762,1.29664,1.29698,1.44,2.25
2012.07.20 03:46:12.210,1.29664,1.29702,1.44,1.50
2012.07.20 03:46:12.333,1.29664,1.29702,1.44,1.50
2012.07.20 03:46:13.111,1.29665,1.29701,1.44,2.25
2012.07.20 03:46:13.995,1.29665,1.29701,1.44,3.00
2012.07.20 03:46:15.195,1.29659,1.29696,1.44,2.25
2012.07.20 03:46:15.374,1.29658,1.29696,1.50,2.25
2012.07.20 03:46:16.153,1.29658,1.29696,1.50,3.00
2012.07.20 03:46:16.503,1.29658,1.29696,1.50,3.00
2012.07.20 03:46:22.779,1.29656,1.29694,1.50,1.50
2012.07.20 03:46:22.898,1.29656,1.29694,1.50,1.50
2012.07.20 03:46:23.206,1.29656,1.29694,1.52,1.50
2012.07.20 03:46:30.777,1.29654,1.29688,1.50,1.50
2012.07.20 03:46:30.841,1.29654,1.29688,1.50,1.50
2012.07.20 03:46:31.346,1.29654,1.29687,1.50,1.50
2012.07.20 03:46:35.030,1.29654,1.29688,1.50,1.50
2012.07.20 03:46:35.150,1.29653,1.29688,1.50,1.50
2012.07.20 03:46:35.327,1.29648,1.29688,3.00,1.50
2012.07.20 03:47:01.208,1.29645,1.29684,2.27,1.50
2012.07.20 03:47:01.388,1.29643,1.29683,2.27,1.50
2012.07.20 03:47:01.509,1.29644,1.29686,1.52,1.50
2012.07.20 03:47:01.577,1.29647,1.29687,1.52,1.50
2012.07.20 03:47:01.640,1.29647,1.29687,1.52,1.50
2012.07.20 03:47:03.792,1.29647,1.29688,1.52,2.25
2012.07.20 03:47:04.603,1.29647,1.29687,2.27,1.50
2012.07.20 03:47:04.893,1.29647,1.29689,3.02,2.25
2012.07.20 03:47:05.481,1.29647,1.29686,1.52,1.50
2012.07.20 03:47:05.548,1.29647,1.29686,1.52,1.50
2012.07.20 03:47:06.133,1.29647,1.29686,3.02,1.50
2012.07.20 03:47:11.814,1.29647,1.29679,2.27,1.50
2012.07.20 03:47:11.990,1.29647,1.29679,2.25,1.50
2012.07.20 03:47:15.122,1.2964,1.29679,3.02,1.50
2012.07.20 03:47:20.731,1.2964,1.29682,2.27,1.50
2012.07.20 03:47:23.173,1.29641,1.29679,1.50,2.63
2012.07.20 03:47:23.297,1.29641,1.29679,1.52,1.50
2012.07.20 03:47:37.406,1.29641,1.29682,3.02,1.50
2012.07.20 03:47:38.377,1.29641,1.29682,3.02,1.50
2012.07.20 03:47:42.723,1.29641,1.29682,3.02,1.50
2012.07.20 03:47:43.360,1.29641,1.29682,3.02,1.50
2012.07.20 03:47:45.072,1.29641,1.29678,2.27,1.50
2012.07.20 03:47:47.306,1.2964,1.29678,1.52,1.50
2012.07.20 03:47:47.697,1.29639,1.29678,1.45,2.25
2012.07.20 03:47:47.818,1.29642,1.29682,1.52,1.50
2012.07.20 03:47:47.996,1.29642,1.29682,1.52,1.50
2012.07.20 03:48:02.782,1.29642,1.29683,1.52,2.25
2012.07.20 03:48:07.433,1.29642,1.2968,1.52,2.25
2012.07.20 03:48:07.497,1.29642,1.29677,1.52,1.50
2012.07.20 03:48:07.846,1.29639,1.29673,1.44,1.50
2012.07.20 03:48:08.257,1.29639,1.29673,1.44,1.50
2012.07.20 03:48:09.432,1.29645,1.29678,1.50,1.50
2012.07.20 03:48:09.724,1.29645,1.29678,1.50,1.50
2012.07.20 03:48:09.961,1.29649,1.29683,1.50,1.32
2012.07.20 03:48:10.483,1.29649,1.29687,1.52,3.00
2012.07.20 03:48:14.625,1.29649,1.29688,1.52,1.50
2012.07.20 03:48:34.482,1.29652,1.29693,2.72,1.50
2012.07.20 03:48:34.604,1.29653,1.29694,1.52,1.50
2012.07.20 03:48:37.226,1.29656,1.29693,1.52,1.50
2012.07.20 03:48:37.292,1.29656,1.29693,1.50,1.50
2012.07.20 03:48:37.355,1.29654,1.29693,1.50,1.50
2012.07.20 03:48:37.533,1.29652,1.29688,1.52,1.50
2012.07.20 03:49:18.628,1.29653,1.2969,1.50,1.50
2012.07.20 03:49:35.244,1.29653,1.29695,2.25,1.50
2012.07.20 03:49:35.596,1.29657,1.29694,2.27,1.50
2012.07.20 03:49:36.114,1.29661,1.29696,2.27,1.50
2012.07.20 03:49:37.211,1.29661,1.29701,3.02,1.50
2012.07.20 03:49:39.514,1.29661,1.29701,3.02,1.50
2012.07.20 03:49:39.890,1.29661,1.29702,3.02,1.50
2012.07.20 03:49:51.160,1.29661,1.29702,2.27,1.50
2012.07.20 03:49:57.256,1.29661,1.29698,2.27,1.50
2012.07.20 03:50:02.408,1.29661,1.29702,2.27,1.50
2012.07.20 03:50:02.737,1.29661,1.29698,2.27,1.50
2012.07.20 03:50:03.950,1.29661,1.29698,1.52,2.25
2012.07.20 03:50:04.454,1.29658,1.29695,1.52,1.50
2012.07.20 03:50:06.141,1.29658,1.29698,3.02,1.50
2012.07.20 03:50:06.710,1.29658,1.29698,2.27,1.50
2012.07.20 03:50:10.271,1.29658,1.29696,2.27,1.50
2012.07.20 03:50:15.123,1.29658,1.29698,2.27,1.50
2012.07.20 03:50:20.811,1.29657,1.29696,1.52,1.50
2012.07.20 03:50:22.790,1.2966,1.29696,2.25,1.50
2012.07.20 03:50:23.856,1.2966,1.29698,2.25,1.50
2012.07.20 03:50:24.436,1.2966,1.29696,2.25,1.50
2012.07.20 03:50:24.670,1.2966,1.29699,2.25,1.50
2012.07.20 03:50:30.376,1.29657,1.29696,1.50,1.50
2012.07.20 03:50:49.436,1.29657,1.29698,1.50,1.50
2012.07.20 03:50:57.569,1.29657,1.29696,1.50,1.50
2012.07.20 03:51:06.052,1.29657,1.29698,1.50,1.50
2012.07.20 03:51:06.456,1.29662,1.29702,1.50,1.50
2012.07.20 03:51:06.968,1.29666,1.29702,1.50,1.50
2012.07.20 03:51:07.583,1.29666,1.297,1.50,1.50
2012.07.20 03:51:08.490,1.29662,1.297,1.50,1.50
2012.07.20 03:51:13.996,1.29662,1.297,1.50,1.50
2012.07.20 03:51:15.211,1.29661,1.29694,2.27,1.50
2012.07.20 03:51:15.385,1.29665,1.297,1.50,2.24
2012.07.20 03:51:15.505,1.2966,1.297,2.25,2.24
2012.07.20 03:51:17.129,1.29663,1.297,1.50,2.24
2012.07.20 03:51:17.410,1.29662,1.297,1.50,2.24
2012.07.20 03:51:18.232,1.29651,1.29696,3.02,1.50
2012.07.20 03:51:18.296,1.29655,1.29699,2.27,3.00
2012.07.20 03:51:18.360,1.29655,1.29696,2.27,1.50
2012.07.20 03:51:29.063,1.29652,1.29696,2.27,1.50
2012.07.20 03:51:44.512,1.29658,1.29696,1.50,1.50
2012.07.20 03:51:47.995,1.29658,1.29695,1.50,1.50
2012.07.20 03:51:48.576,1.29658,1.29695,1.50,1.50
2012.07.20 03:51:49.820,1.29658,1.29695,1.50,1.50
2012.07.20 03:52:03.328,1.29658,1.29695,1.50,1.50
2012.07.20 03:52:03.759,1.29652,1.29692,1.52,1.50
2012.07.20 03:52:06.654,1.29652,1.29692,1.52,3.00
2012.07.20 03:52:06.775,1.29652,1.29693,3.02,1.50
2012.07.20 03:52:06.894,1.29652,1.29692,1.50,2.24
2012.07.20 03:52:07.015,1.2965,1.29691,2.25,1.50
2012.07.20 03:52:07.481,1.2965,1.29689,1.52,1.50
2012.07.20 03:52:07.716,1.29654,1.2969,1.50,1.50
2012.07.20 03:52:07.781,1.29651,1.29691,1.50,1.50
2012.07.20 03:52:07.844,1.2965,1.2969,3.00,1.50
2012.07.20 03:52:08.083,1.29652,1.29691,2.25,1.50
2012.07.20 03:52:08.588,1.29654,1.29692,2.25,1.50
2012.07.20 03:52:12.717,1.29654,1.29691,2.25,1.49
2012.07.20 03:52:12.781,1.29654,1.29686,1.50,1.49
2012.07.20 03:52:13.018,1.29653,1.29692,1.50,2.25
2012.07.20 03:52:13.139,1.2965,1.29691,1.50,2.24
2012.07.20 03:52:13.601,1.29653,1.29691,2.25,2.99
2012.07.20 03:52:13.778,1.2965,1.29688,1.50,1.50
2012.07.20 03:52:14.722,1.29646,1.29688,1.88,1.50
2012.07.20 03:52:15.549,1.29646,1.29686,1.13,2.24
2012.07.20 03:52:18.014,1.29645,1.29684,4.06,1.50
2012.07.20 03:52:28.025,1.29644,1.29684,2.25,1.50
2012.07.20 03:52:38.597,1.29643,1.29684,1.52,1.50
2012.07.20 03:52:38.717,1.29643,1.29683,1.52,1.50
2012.07.20 03:52:48.324,1.29647,1.2969,1.50,2.99
2012.07.20 03:53:06.854,1.2965,1.29689,2.27,1.50
2012.07.20 03:53:11.462,1.29654,1.29688,2.25,1.50
2012.07.20 03:53:11.526,1.29659,1.29688,2.25,1.50
2012.07.20 03:53:13.035,1.29659,1.29688,2.25,1.50
2012.07.20 03:53:17.882,1.29655,1.29685,1.52,1.50
2012.07.20 03:53:18.002,1.29655,1.29688,1.52,1.50
2012.07.20 03:53:27.662,1.29657,1.29688,3.02,1.50
2012.07.20 03:53:28.182,1.29657,1.29685,1.50,1.50
2012.07.20 03:53:47.625,1.29651,1.29685,2.25,1.50
2012.07.20 03:53:48.056,1.29651,1.29683,2.25,1.50
2012.07.20 03:53:53.831,1.29649,1.29683,2.25,1.50
2012.07.20 03:53:53.905,1.29649,1.29689,2.25,1.50
2012.07.20 03:53:56.479,1.29653,1.29693,2.25,1.50
2012.07.20 03:53:57.419,1.29653,1.29683,2.25,1.50
2012.07.20 03:53:58.093,1.29653,1.29683,2.25,1.50
2012.07.20 03:53:58.785,1.29649,1.29686,1.50,2.25
2012.07.20 03:53:59.020,1.29649,1.29684,1.50,1.50
2012.07.20 03:54:00.969,1.29649,1.29691,1.50,1.50
2012.07.20 03:54:07.693,1.29652,1.29691,1.50,1.50
2012.07.20 03:54:07.813,1.29647,1.29691,2.25,1.50
2012.07.20 03:54:17.251,1.29647,1.29689,2.25,1.50
2012.07.20 03:54:17.943,1.29643,1.29682,1.50,1.50
2012.07.20 03:54:18.466,1.29642,1.29682,3.00,1.50
2012.07.20 03:54:19.267,1.29642,1.29682,3.00,2.25
2012.07.20 03:54:19.446,1.29639,1.29678,3.31,1.50
2012.07.20 03:54:19.512,1.29644,1.29679,1.50,1.50
2012.07.20 03:54:19.748,1.29639,1.29679,1.44,1.50
2012.07.20 03:54:19.925,1.29639,1.29683,1.50,1.50
2012.07.20 03:54:20.160,1.29643,1.29683,1.50,1.50
2012.07.20 03:54:23.238,1.29643,1.29683,3.00,2.24
2012.07.20 03:54:23.476,1.29643,1.29682,3.00,1.49
2012.07.20 03:54:23.671,1.29643,1.29683,3.00,1.49
2012.07.20 03:54:23.847,1.2964,1.29683,1.20,3.74
2012.07.20 03:54:27.249,1.29638,1.29678,1.44,2.99
2012.07.20 03:54:27.371,1.29642,1.29678,1.50,1.49
2012.07.20 03:54:31.258,1.29643,1.29683,1.50,2.25
2012.07.20 03:54:31.603,1.29642,1.29679,1.50,1.49
2012.07.20 03:54:40.511,1.29643,1.29684,1.50,1.50
2012.07.20 03:54:41.039,1.29648,1.29686,1.50,1.49
2012.07.20 03:54:41.352,1.29646,1.29684,1.50,1.50
2012.07.20 03:54:41.707,1.29646,1.29684,1.50,1.50
2012.07.20 03:54:41.771,1.29641,1.29678,3.15,1.50
2012.07.20 03:54:42.024,1.29641,1.2968,1.65,1.49
2012.07.20 03:54:44.898,1.29641,1.29683,1.65,2.25
2012.07.20 03:54:45.408,1.29641,1.29684,1.52,1.50
2012.07.20 03:54:46.068,1.29639,1.29678,2.35,1.50
2012.07.20 03:54:46.246,1.29639,1.29678,1.67,1.50
2012.07.20 03:54:46.480,1.29639,1.29678,1.44,1.50
2012.07.20 03:54:46.916,1.29639,1.29678,2.19,1.50
2012.07.20 03:54:47.224,1.29642,1.29682,1.50,3.00
2012.07.20 03:54:47.519,1.29638,1.29678,2.20,1.50
2012.07.20 03:54:47.584,1.29638,1.29678,3.69,1.50
2012.07.20 03:54:48.325,1.29638,1.29678,2.19,1.50
2012.07.20 03:54:48.503,1.29638,1.29678,1.44,3.00
2012.07.20 03:54:48.624,1.29638,1.29676,2.19,1.50
2012.07.20 03:54:49.301,1.29638,1.29676,2.19,1.50
2012.07.20 03:54:50.205,1.29638,1.29676,2.19,1.50
2012.07.20 03:54:50.807,1.29643,1.2968,1.50,2.99
2012.07.20 03:54:51.669,1.29643,1.2968,1.50,2.25
2012.07.20 03:55:06.024,1.29643,1.29684,1.50,2.25
2012.07.20 03:55:09.998,1.29643,1.29683,1.50,3.00
2012.07.20 03:55:10.288,1.29643,1.29682,1.52,1.50
2012.07.20 03:55:10.550,1.29643,1.29682,1.50,2.25
2012.07.20 03:55:24.532,1.29639,1.29679,1.50,2.25
2012.07.20 03:55:25.142,1.29639,1.29679,2.19,3.00
2012.07.20 03:55:26.664,1.29639,1.29679,2.19,2.25
2012.07.20 03:55:26.956,1.29639,1.29679,1.52,2.25
2012.07.20 03:55:27.800,1.29638,1.29678,2.00,3.00
2012.07.20 03:55:28.210,1.29639,1.29675,1.44,1.50
2012.07.20 03:55:57.098,1.29639,1.29675,1.44,1.50
2012.07.20 03:56:03.545,1.29638,1.29673,1.44,1.50
2012.07.20 03:56:03.726,1.29638,1.29673,1.44,1.50
2012.07.20 03:56:03.975,1.29639,1.29673,1.50,1.50
2012.07.20 03:56:04.095,1.29638,1.29674,1.44,2.25
2012.07.20 03:56:04.446,1.29639,1.29673,1.50,1.50
2012.07.20 03:56:04.797,1.29638,1.29678,1.44,1.50
2012.07.20 03:56:07.247,1.29639,1.29674,1.44,2.25
2012.07.20 03:56:07.803,1.29639,1.29674,1.44,1.50
2012.07.20 03:56:09.653,1.29639,1.29674,1.44,1.50
2012.07.20 03:56:10.638,1.29638,1.29674,2.19,1.50
2012.07.20 03:56:11.044,1.29638,1.29669,1.44,1.50
2012.07.20 03:56:12.831,1.29638,1.29674,1.44,2.25
2012.07.20 03:56:22.788,1.29639,1.29672,1.44,2.07
2012.07.20 03:56:23.135,1.29637,1.29672,1.44,2.07
2012.07.20 03:56:23.774,1.29637,1.29672,1.44,2.07
2012.07.20 03:56:25.339,1.29639,1.29677,1.44,3.00
2012.07.20 03:56:25.679,1.29639,1.29677,1.44,2.25
2012.07.20 03:56:58.733,1.2964,1.29677,1.50,1.50
2012.07.20 03:56:59.498,1.29638,1.29677,1.44,1.50
2012.07.20 03:56:59.572,1.29637,1.29677,2.94,1.50
2012.07.20 03:57:00.154,1.29637,1.29677,1.44,1.50
2012.07.20 03:57:01.582,1.29639,1.29676,2.25,2.07
2012.07.20 03:57:02.149,1.29638,1.29676,1.44,1.32
2012.07.20 03:57:04.314,1.29639,1.29677,2.19,1.50
2012.07.20 03:57:04.665,1.29644,1.29683,1.50,1.50
2012.07.20 03:57:05.008,1.29644,1.29682,1.50,1.50
2012.07.20 03:57:05.450,1.29644,1.29681,1.50,3.00
2012.07.20 03:57:08.429,1.29644,1.29681,1.50,2.25
2012.07.20 03:57:10.765,1.29644,1.29681,1.50,1.50
2012.07.20 03:57:17.395,1.29644,1.29681,1.50,1.50
2012.07.20 03:57:17.516,1.29638,1.29674,2.20,1.50
2012.07.20 03:57:17.814,1.29638,1.29674,2.19,1.50
2012.07.20 03:57:18.267,1.29638,1.29674,2.19,1.50
2012.07.20 03:57:20.459,1.29638,1.29674,2.19,1.35
2012.07.20 03:57:20.801,1.29638,1.29674,1.44,1.35
2012.07.20 03:57:23.441,1.29638,1.29676,2.19,1.65
2012.07.20 03:57:27.716,1.29639,1.29676,2.19,1.05
2012.07.20 03:57:28.079,1.29639,1.29677,1.44,2.55
2012.07.20 03:57:28.141,1.29638,1.29676,1.44,1.65
2012.07.20 03:57:28.318,1.29638,1.29676,2.19,1.65
2012.07.20 03:57:28.867,1.29638,1.29676,2.19,1.50
2012.07.20 03:57:29.423,1.29639,1.29677,1.45,1.05
2012.07.20 03:57:30.505,1.29642,1.29678,1.50,1.50
2012.07.20 03:57:32.372,1.29639,1.29678,1.52,2.25
2012.07.20 03:57:32.553,1.29638,1.29677,1.44,1.50
2012.07.20 03:57:32.733,1.29637,1.29677,1.44,1.50
2012.07.20 03:57:33.201,1.2964,1.29679,1.50,1.13
2012.07.20 03:57:33.771,1.29641,1.2968,1.50,1.50
2012.07.20 03:57:35.459,1.29641,1.29678,2.27,1.50
2012.07.20 03:57:35.752,1.29641,1.29681,2.27,1.50
2012.07.20 03:57:35.815,1.29641,1.29678,1.50,1.50
2012.07.20 03:57:36.366,1.2964,1.29678,1.50,1.50
2012.07.20 03:57:39.649,1.29639,1.29674,1.44,1.50
2012.07.20 03:57:39.995,1.2964,1.29678,1.52,1.50
2012.07.20 03:57:41.090,1.29643,1.29683,1.52,1.50
